2767 4334
1263 390 1553 442 BRUTUS.
2438 393 2501 444 61

301 561 522 635 potest
549 574 564 631 ;
611 562 768 617 sunt
802 553 978 617 enirn
1013 563 1079 618 et
1112 554 1277 619 aliae
1310 565 1376 620 et
1411 576 1530 639 pro
1564 555 1701 620 Ser.
1745 555 1983 620 Fulvio
2014 557 2099 621 de
2137 556 2399 623 incestu

302 657 542 722 nobilis
588 657 819 721 oratio.
914 658 1129 723 Nobis
1175 658 1444 743 quidem
1491 659 1715 742 pueris
1759 661 1925 725 haec
1962 659 2260 725 omnium
2293 681 2403 745 op—

300 762 465 826 tima
517 762 894 845 putabatur,
950 782 1121 846 quae
1174 762 1283 827 vix
1337 763 1469 827 iam
1523 775 1855 849 comparet
1911 763 1980 828 in
2029 763 2156 831 hac
2204 766 2401 830 turba

301 886 621 930 novorum
644 866 1099 931 voluminum.’
1181 875 1197 903 ‘
1220 867 1600 944 Praeclare,’
1628 867 1842 952 inquit
1869 869 2135 946 Brutus,
2170 876 2400 935 ‘teneo
2419 897 2501 944 123

301 972 415 1055 qui
446 971 644 1036 istam
675 971 941 1036 turbam
973 970 1383 1035 voluminum
1417 971 1759 1037 effecerit.’
1853 973 1943 1037 Et
1976 992 2121 1057 eg0‚
2160 978 2178 1008 ‘
2199 974 2398 1039 Intel-

299 1073 490 1159 lego,’
526 1076 815 1160 inquam,
855 1082 870 1110 ‘
892 1076 1117 1151 Brute,
1162 1096 1359 1159 quem
1406 1075 1628 1153 dicas3
1673 1084 1854 1140 certe
1901 1075 2079 1141 enim
2125 1085 2192 1141 et
2239 1078 2398 1143 boni

300 1179 546 1264 aliquid
584 1179 931 1244 attulimus
969 1179 1319 1256 iuventuti,
1354 1179 1895 1263 magnificentius
1937 1200 2134 1264 quam
2180 1180 2397 1247 fuerat

298 1305 513 1367 genus
559 1282 824 1348 dicendi
869 1292 936 1348 et
984 1283 1322 1361 ornatius;
1369 1292 1438 1346 et
1484 1282 1832 1348 nocuimus
1876 1280 2181 1361 fortasse,
2222 1287 2399 1369 quod

297 1399 561 1452 veteres
594 1388 930 1452 orationes
961 1396 1114 1470 post
1152 1397 1435 1463 nostras,
1470 1407 1606 1451 non
1642 1383 1683 1451 a
1727 1408 1836 1453 me
1879 1388 2167 1471 quidem,
2207 1390 2398 1472 (meis

297 1493 478 1558 enim
510 1492 657 1556 illas
694 1492 1076 1575 antepono,)
1113 1492 1230 1556 sed
1275 1511 1315 1556 a
1359 1491 1692 1575 plerisque
1731 1490 1866 1576 legi
1909 1502 2065 1557 sunt
2099 1493 2395 1559 desitae.'

301 1595 678 1672 ‘Numera‚’
726 1595 965 1680 inquit,
1015 1602 1159 1660 ‘me
1205 1595 1274 1659 in
1321 1594 1693 1680 plerisque:
1755 1616 2153 1681 quamquam
2205 1598 2399 1663 video

288 1685 463 1765 ‘mihi
493 1700 702 1765 multa
731 1700 1017 1783 legenda
1060 1698 1188 1763 iam
1237 1708 1306 1764 te
1352 1708 1643 1775 auctore,
1678 1720 1847 1783 quae
1877 1710 2078 1766 antea
2110 1711 2401 1766 contern-

296 1804 580 1869 nebam.'
697 1803 945 1887 ‘Atqui
1005 1802 1210 1880 haec,'
1274 1804 1563 1887 inquam,
1630 1804 1750 1868 ‘de
1809 1804 2071 1870 incestu
2132 1805 2399 1874 laudata
2418 1837 2502 1884 124

297 1909 509 1973 oratio
540 1908 812 1992 puerilis
845 1918 948 1972 est
980 1907 1145 1973 locis
1179 1907 1446 1986 multis3
1490 1908 1578 1973 de
1617 1927 1860 1984 amore,
1894 1909 1978 1974 de
2022 1913 2394 1990 tormentis,

296 2015 381 2077 de
426 2033 689 2076 rumore
726 2011 854 2077 loci
888 2032 1049 2076 sane
1081 2011 1333 2088 inaneS‚
1365 2032 1598 2076 verum
1630 2020 1852 2077 tamen
1888 2015 2184 2093 nondum
2219 2016 2398 2095 tritis
2435 2015 2474 2061 s·
2499 2018 2524 2049 ’·
2616 2016 2620 2025 ’

298 2126 677 2181 nostrorum
711 2116 1053 2180 hominurn
1088 2116 1359 2183 auribus
1403 2136 1527 2197 nec
1571 2116 1831 2181 erudita
1863 2116 2134 2183 civitate
2166 2119 2400 2186 tolera-

296 2221 483 2286 biles.
596 2219 878 2303 Scripsit
925 2220 1128 2287 etiam
1173 2220 1302 2285 alia
1349 2219 1673 2284 nonnulla
1723 2229 1795 2284 et
1848 2220 2058 2286 multa
2110 2223 2276 2289 dixit
2328 2234 2396 2289 et

299 2324 607 2389 inlustria
650 2333 717 2388 et
750 2324 832 2388 in
880 2344 1157 2388 nurnero
1204 2333 1635 2407 patronorum
1679 2320 1828 2400 fuit,
1863 2332 1938 2389 ut
1985 2345 2136 2391 eum
2173 2328 2392 2407 mirer,

298 2451 450 2494 cum
483 2438 551 2493 et
581 2429 723 2493 vita
753 2428 1313 2512 suppeditavisset
1347 2438 1417 2494 et
1452 2428 1767 2511 splendor
1794 2428 1857 2493 ei
1889 2448 2024 2494 non
2051 2431 2392 2510 defuisset,

296 2532 640 2599 consulem
672 2553 808 2597 non
837 2531 1067 2598 fuisse.

388 2637 523 2702 Sed
568 2656 728 2702 ecce
770 2636 839 2699 in
886 2636 1193 2701 manibus
1239 2636 1340 2701 vir
1383 2646 1452 2701 et
1498 2636 2075 2720 praestantissimo
2126 2638 2397 2724 ingenio
2417 2622 2499 2749 ἐξ

363 2785 590 2842 nobilis,
618 2783 776 2833 noted.
1461 2783 1709 2834 desitne:
1746 2782 1833 2832 the
1856 2790 1951 2834 act.
1976 2785 2104 2835 form
2133 2800 2257 2850 goes
2277 2790 2401 2841 with

362 2858 679 2914 comparet:
717 2849 897 2910 indic.;
947 2849 1035 2899 Or.
1065 2860 1143 2913 71·
1163 2861 1273 2912 234.
1396 2848 1484 2899 the
1517 2849 1657 2898 infin.
1697 2855 1809 2908 act„
1843 2849 1942 2899 less
1975 2850 2114 2901 often
2146 2853 2268 2903 with
2314 2856 2401 2907 the

369 2928 475 2978 123.
523 2924 712 2974 teneo,
755 2914 810 2964 in
843 2915 1008 2976 mind;
1050 2936 1100 2958 =
1136 2914 1294 2965 intel·
1397 2915 1536 2964 infin.
1575 2929 1706 2979 pass.
1714 2932 1731 2976 ς
1790 2915 1879 2965 the
1922 2931 2055 2981 pass.
2095 2917 2224 2968 form
2268 2920 2404 2986 (like

295 2981 426 3045 lego
460 2982 623 3030 below
631 2999 647 3041 3
697 2980 760 3030 cf.
792 2987 894 3046 pro
924 2982 1035 3030 Clu.
1060 2980 1139 3030 68.
1171 2993 1286 3043 1943
1398 2988 1587 3045 coeptus
1604 2980 1698 3045 est)
1716 2980 1835 3030 with
1855 2981 1941 3031 the
1960 2981 2097 3033 infin.
2113 3000 2248 3050 pas·-
2265 2988 2398 3052 only.

296 3048 443 3110 Lucr.
468 3048 539 3096 ΙΙ.
571 3058 711 3111 ¹¹73·
1397 3047 1474 3096 Cf.
1495 3048 1570 3096 ad
1586 3048 1731 3096 Fam.
1761 3047 1854 3098 IX.
1881 3061 1958 3099 21.
1979 3063 2038 3111 23
2066 3051 2242 3119 hoff.
2261 3054 2331 3103 ΙΙ.
2351 3054 2397 3105 8.

362 3114 549 3173 istam,
577 3114 655 3162 i.e.
691 3112 750 3162 of
776 3111 940 3162 which
971 3128 1073 3177 you
1106 3114 1291 3178 speak:
1399 3125 1491 3178 273
1530 3115 1635 3164 Liv.
1660 3113 1830 3163 XLII.
1854 3129 1948 3179 49,

294 3180 458 3229 turba
480 3180 571 3228 has
593 3195 626 3228 a
646 3179 784 3242 good
806 3179 1054 3243 meaning.
1465 3182 1579 3232 iam
1603 3192 1659 3233 te
1683 3191 1928 3244 auctore,
1947 3205 1995 3227 =
2016 3187 2161 3235 ‘now
2175 3184 2284 3236 that
2297 3201 2398 3252 you

361 3246 577 3310 aliquid
614 3245 940 3296 attulimus:
991 3246 1058 3296 cf.
1088 3247 1178 3296 Or.
1216 3259 1294 3309 30.
1398 3249 1605 3298 counsel
1629 3248 1704 3297 it!

300 3312 409 3373 108,
440 3329 583 3362 nemo
617 3314 758 3363 enim
798 3321 971 3363 orator
991 3321 1097 3363 tam
1132 3315 1296 3364 multa
1469 3327 1576 3377 124.
1613 3316 1785 3368 haee:
1822 3332 1907 3367 see
1938 3329 2045 3367 122.

295 3396 360 3428 ne
395 3381 454 3428 in
498 3382 685 3429 Graeco
729 3383 931 3447 quidem
968 3383 1064 3431 otio
1096 3383 1301 3446 scripsit
1463 3384 1789 3434 tormentis:
1827 3385 1974 3433 Part.
2009 3384 2155 3435 Orat.
2183 3396 2258 3447 14.
2282 3396 2361 3452 50.

270 3462 452 3516 ‘quam
477 3449 640 3496 multa
666 3455 792 3498 sunt
812 3455 1000 3499 nostra.
1462 3449 1624 3509 tritis,
1655 3450 1952 3514 practised:
2005 3450 2083 3498 ad
2115 3452 2260 3501 Fam.
2303 3452 2395 3502 lx.

362 3515 670 3565 iuventuti:
723 3518 801 3565 τῖε.
827 3523 880 3565 10
912 3529 1085 3581 young
1105 3520 1297 3564 orators
1403 3514 1477 3563 16.
1500 3529 1550 3577 4.

300 3580 405 3645 (for
428 3581 723 3647 imitation).
1461 3580 1743 3643 splendor,
1813 3580 2106 3628 distinction
2179 3580 2398 3644 (though

361 3648 852 3713 magnificentius:
894 3649 956 3699 cf.
977 3647 1056 3698 81.
1075 3663 1126 3697 11.
1185 3647 1297 3697 The
1396 3645 1463 3696 he
1517 3645 1669 3696 failed
1735 3652 1788 3695 to
1848 3646 2000 3696 reach
2057 3647 2144 3696 the
2200 3647 2398 3711 highest

293 3715 434 3765 word
477 3730 602 3778 goes
648 3722 700 3764 to
746 3715 834 3764 the
872 3730 1023 3778 verge
1063 3714 1122 3764 of
1160 3715 1297 3776 good
1395 3710 1610 3776 honor).

294 3788 422 3829 taste
466 3780 520 3829 in
565 3780 1037 3845 sels-appreciation‚
1071 3780 1162 3829 but
1193 3794 1295 3829 was
1460 3775 1563 3831 88·
1617 3789 1725 3843 125.
1760 3778 1818 3827 ἰ11
1838 3779 2134 3829 manibust
2163 3780 2247 3829 i.e.
2262 3778 2399 3831 close

293 3853 384 3896 not
410 3846 564 3910 quite
604 3846 739 3895 what
779 3846 816 3895 it
859 3845 950 3896 has
995 3847 1203 3895 become
1241 3844 1295 3894 in
1395 3848 1447 3894 at
1468 3842 1641 3901 hand3
1687 3850 1775 3892 not
1798 3844 1900 3892 like
1924 3845 1982 3893 de
2006 3845 2125 3895 Sen.
2149 3860 2196 3906 4.
2230 3858 2304 3905 12,
2331 3851 2404 3895 est

294 3911 520 3973 English.
1397 3909 1459 3959 in
1494 3908 1733 3960 manibus
1773 3909 2005 3960 laudatio
2017 3927 2043 3968 ,·
2089 3910 2151 3961 cf.
2186 3911 2246 3961 de
2275 3913 2395 3961 Am.
