2767 4334
1225 381 1516 432 BRUTUS.

274 546 625 630 pleraeque
657 545 836 610 enim
872 546 1253 610 scribuntur
1282 547 1619 610 orationes
1651 546 1919 611 habitae
1963 547 2112 622 iam,
2147 568 2282 611 non
2316 556 2389 610 ut

275 651 683 727 habeantur;
728 650 892 714 alios
939 671 1072 713 non
1120 650 1438 727 laborare,
1485 661 1559 715 ut
1606 651 1913 716 meliores
1959 652 2122 714 fiant
2145 627 2392 729 ffiulla
2421 682 2480 725 92

274 754 453 819 enim
487 775 593 818 res
623 764 888 819 tantum
919 755 1002 819 ad
1045 754 1402 820 dicendum
1434 755 1693 838 proficit
1727 764 2050 838 quantum
2082 755 2391 838 scripti03

275 858 659 923 memoriam
690 868 914 924 autem
947 858 1016 923 in
1049 868 1391 942 posterum
1417 859 1670 943 ingenii
1696 860 1797 923 sui
1824 880 1956 923 non
1984 859 2387 935 desiderant,

276 984 425 1028 cum
459 984 532 1028 se
568 951 808 1046 putant
856 963 1018 1027 satis
1065 984 1373 1047 magnam
1424 965 1702 1046 adeptos
1749 984 1899 1027 esse
1945 964 2209 1028 dicendi
2258 962 2391 1047 glo-

276 1067 456 1145 riam,
498 1088 777 1151 eamque
825 1068 1023 1131 etiar'n
1070 1068 1387 1132 maiorem
1418 1067 1634 1131 visum
1680 1067 1775 1145 iri,
1814 1067 1868 1131 si
1904 1068 1971 1130 in
2015 1067 2392 1131 existiman-

276 1173 443 1236 tium
497 1172 843 1236 arbitrium
899 1192 1020 1235 sua
1074 1172 1323 1254 scripta
1375 1192 1510 1235 non
1563 1171 1871 1236 venerint
1893 1193 1909 1249 ;
1977 1171 2160 1247 alios,
2215 1173 2390 1254 quod

276 1276 512 1340 melius
572 1285 810 1358 putent
872 1277 1092 1341 dicere
1153 1296 1225 1341 se
1286 1296 1488 1358 posse
1549 1297 1747 1359 quam
1810 1276 2100 1340 scribere
2124 1297 2139 1354 ;
2214 1277 2391 1359 quod

275 1380 762 1464 peringeniosis
810 1379 1195 1444 hominibus
1245 1400 1463 1463 neque
1512 1380 1677 1445 satis
1726 1380 1941 1444 doctis
2002 1379 2391 1463 plerumque

275 1484 625 1569 contingit,
660 1493 734 1548 ut
769 1484 895 1568 ipsi
928 1485 1182 1550 Galbae
1208 1507 1222 1563 ;
1269 1505 1469 1568 quem
1502 1485 1790 1549 fortasse
1821 1484 1923 1548 vis
1956 1504 2090 1548 non
2138 1483 2389 1567 ingenii
2422 1513 2478 1557 93

275 1589 507 1666 solum,
544 1589 661 1653 sed
693 1588 896 1654 etiam
928 1588 1132 1653 animi
1166 1599 1232 1653 et
1266 1589 1586 1653 naturalis
1635 1589 1903 1672 quidam
1951 1587 2138 1652 dolor
2174 1588 2393 1652 dicen-

274 1703 413 1757 tem
446 1693 843 1758 incendebat
876 1694 1355 1778 efficiebatque,
1393 1703 1465 1758 ut
1504 1703 1572 1758 et
1620 1693 1896 1758 incitata
1944 1702 2010 1756 et
2059 1692 2276 1776 gravis
2322 1701 2390 1756 et

272 1798 636 1863 vehemens
669 1809 848 1863 esset
882 1798 1090 1862 oratio
1115 1820 1131 1876 ;
1176 1798 1330 1863 dein
1364 1819 1514 1862 cum
1548 1798 1803 1862 otiosus
1842 1797 2066 1861 stilum
2118 1797 2391 1879 prehen-

274 1905 461 1967 derat
495 1912 847 1987 motusque
879 1902 1095 1995 omnis
1136 1902 1339 1967 animi
1387 1903 2000 1987 tamquam'ventus
2051 1899 2388 1966 hominem

274 2006 628 2083 defecerat,
685 2007 1122 2071 flaccescebat
1183 2007 1412 2071 oratio,
1504 2008 1701 2091 Quod
1752 2008 1849 2072 eis
1917 2007 2028 2092 qui
2095 2006 2389 2070 limatius

273 2111 539 2176 dicendi
570 2121 1045 2176 consectantur
1073 2132 1288 2194 genus
1333 2110 1633 2175 accidere
1687 2132 1822 2175 non
1873 2111 2063 2189 solet,
2098 2120 2390 2195 propter-

274 2236 355 2279 ea
398 2216 572 2299 quod
618 2214 973 2297 prudentia
1019 2235 1380 2299 numquam
1429 2216 1654 2280 deficit
1704 2225 2053 2294 oratorem,
2103 2236 2234 2299 qua
2281 2214 2391 2278 ille

274 2328 473 2385 utens
520 2321 753 2384 eodem
801 2320 996 2384 modo
1043 2320 1254 2402 possit
1301 2329 1369 2383 et
1416 2319 1638 2384 dicere
1685 2330 1751 2384 et
1807 2320 2142 2398 scribere,
2197 2319 2392 2383 ardor

274 2421 480 2515 animi
511 2444 645 2487 non
681 2444 945 2506 semper
975 2425 1185 2499 adest,
1220 2423 1409 2507 isque
1456 2445 1605 2488 curn
1657 2425 1980 2501 consedit,
2015 2424 2233 2488 omnis
2281 2423 2391 2487 illa

272 2528 375 2592 vis
408 2537 476 2593 et
509 2527 696 2612 quasi
734 2527 1000 2615 flamma
1041 2527 1325 2592 oratoris
1370 2527 1835 2611 exstinguitur.
1935 2528 2135 2593 Hanc
2182 2527 2388 2612 igitur
2417 2559 2473 2604 94

339 2776 564 2826 habitae
589 2778 732 2829 iam:
782 2776 846 2826 cf.
872 2777 930 2826 de
955 2778 1071 2826 Sen.
1101 2788 1175 2826 11.
1201 2776 1278 2839 38,

271 2858 550 2891 causarum
585 2843 908 2900 inlustrium,
933 2857 1279 2906 quascumque

272 2908 489 2974 defendi,
515 2924 661 2957 nunc
683 2924 797 2956 cum
823 2909 1049 2956 maxime
1071 2907 1277 2973 conficio

271 2975 524 3023 orationes
540 2991 564 3031 ,·
614 2975 705 3023 but
742 2974 842 3022 this
874 2989 1048 3023 means
1087 2973 1277 3024 careful

269 3040 500 3089 revision.

335 3119 415 3168 9²·
452 3106 713 3170 scriptio:
766 3104 830 3154 cf.
872 3105 930 3154 de
977 3105 1065 3153 Or.
1108 3106 1148 3154 1.
1192 3118 1270 3168 33.

274 3184 382 3236 150,
404 3173 551 3220 stilus
576 3173 795 3234 optimus
815 3178 863 3219 et
885 3172 1269 3235 praestantissi-

270 3255 384 3286 mus
417 3238 619 3287 dicendi
659 3240 854 3304 effector
890 3253 952 3285 ac
988 3240 1229 3302 magister
1243 3255 1268 3294 ,-

267 3305 439 3367 Quint.
463 3305 528 3354 X.
555 3318 599 3368 3.
630 3318 671 3364 1,
702 3312 761 3353 ut
793 3305 995 3364 laboris,
1018 3307 1092 3354 sic
1125 3305 1268 3355 utili-

267 3373 386 3484 tatlis
415 3373 569 3420 etiam
601 3373 744 3436 longe
768 3372 1069 3436 plurimum
1102 3371 1275 3437 adfert

265 3438 331 3484 sti
353 3452 425 3486 us.

333 3504 685 3563 memoriam,
711 3502 902 3553 record.

331 3583 483 3629 cum,
506 3570 658 3620 while
685 3567 836 3636 (with
857 3566 1060 3634 indic.).

331 3636 796 3705 existimantium,
811 3636 998 3685 critics.
1045 3630 1122 3685 cf.
1145 3634 1237 3697 146
1245 3652 1261 3695 ;

265 3713 386 3760 2003
433 3713 553 3767 2525
599 3714 711 3765 320.

330 3766 642 3827 arbitrium,
688 3767 967 3832 judgment
1023 3760 1270 3831 (perhaps

264 3831 605 3897 caprieious):
650 3834 710 3882 de
740 3833 830 3881 Or.
865 3833 909 3882 1.
946 3844 1024 3895 23.
1066 3832 1174 3891 108,
1209 3840 1271 3881 ex

264 3898 414 3949 rebus
452 3900 668 3963 penitus
707 3899 981 3963 perspectis
1016 3898 1272 3964 planeque

1390 2778 1600 2841 cognitis
1621 2784 1772 2841 atque
1793 2776 1856 2826 ab
1876 2776 2137 2840 opinionis
2169 2778 2392 2827 arbitrio

1388 2844 1642 2891 seiunctis.
2002 2907 2014 2920 ·

1384 2922 1650 3022 thffiffi
1684 2916 1832 3022 3:322
1867 2907 2252 3022 22²02¹t0k¹²²55
2286 2922 2391 3039 32?

1383 3047 1588 3089 manent
1621 3041 1825 3088 interest
1862 3040 1914 3087 in
1951 3039 2035 3087 the
2084 3040 2305 3088 orations
2340 3042 2392 3087 «f

1382 3105 1543 3154 Galba
1554 3124 1567 3165 ;
1627 3106 1838 3154 another
1875 3105 2117 3154 sufficient
2166 3121 2312 3154 cause
2349 3106 2390 3154 is

1380 3172 1670 3235 developecb
1683 3173 1735 3221 in
1758 3187 1839 3236 93.

1443 3251 1524 3300 93.
1550 3239 1724 3298 dolor,
1734 3240 1913 3304 pathos
1938 3254 1960 3286 .·
1990 3239 2105 3304 158;
2139 3239 2257 3303 2783
2300 3240 2389 3288 Or.

1379 3316 1457 3417 3}
1488 3317 1604 3368 13o;
1647 3306 1705 3354 de
1729 3307 1816 3355 Or.
1843 3306 1911 3354 IL
1949 3317 2021 3368 17.
2057 3318 2141 3369 733
2186 3307 2284 3354 111.
2310 3317 2387 3371 25.

1445 3438 1693 3487 otiosus:
1737 3439 1810 3488 i.e.
1838 3438 1891 3487 in
1916 3439 2001 3487 the
2034 3438 2164 3488 calm
2199 3440 2387 3489 follow·

1376 3502 1465 3566 ing
1488 3504 1566 3552 his
1589 3511 1742 3553 storm
1769 3504 1827 3553 of
1847 3505 2062 3569 passion.

1445 3571 1816 3635 prudentia:
1848 3575 1910 3618 ‘a
1945 3570 2059 3620 cool
2089 3569 2385 3634 judgment,'

1379 3635 1464 3684 the
1505 3636 1735 3699 opposite
1772 3636 1832 3685 of
1868 3638 2032 3686 ardor
2069 3638 2274 3686 animi:
2331 3638 2387 3685 de

1389 3702 1479 3767 Off
1501 3701 1542 3749 I.
1561 3715 1640 3764 43.
1670 3713 1776 3767 153,
1794 3703 2132 3766 prudentiam
2157 3740 2168 3752 .
2191 3740 2201 3751 .
2224 3740 2236 3752 .
2255 3720 2387 3767 quae

1378 3774 1450 3816 est
1478 3782 1656 3816 rerum
1687 3767 2079 3831 expetendarum
2143 3768 2383 3832 ugienda·

1380 3832 2078 3961 maner-‘tratis
2108 3834 2278 3961 ξφ
2303 3846 2349 3899 ⁵·

2413 382 2476 432 47
