2767 4334
1326 333 1615 419 nRUTUs.
2510 332 2575 387 ⁷3

364 498 559 582 paulo
591 506 749 563 ante
794 497 929 562 dixi
968 472 1425 563 consultoffim
1457 497 1741 561 alterum
1773 497 2307 575 disertissimum,
2342 497 2471 565 dis·

365 602 654 667 ertorum
702 603 985 667 alterum
1033 601 1605 667 consultissimum
1659 597 1885 678 fuisse,
1936 601 2032 666 sic
2083 601 2151 667 in
2199 601 2469 685 reliquis

363 708 560 772 rebus
592 706 686 772 ita
716 706 1081 771 dissimiles
1117 715 1306 771 erant
1350 705 1527 770 inter
1568 724 1735 782 sese,
1779 713 2074 771 statuere
2121 714 2194 770 ut
2242 714 2471 771 tamen

311 869 317 873 .
363 831 500 875 non
545 832 777 894 posses
823 811 1038 876 utrius
1083 820 1154 875 te
1199 811 1429 876 malles
1477 809 1877 875 similiorem.
1991 809 2279 876 Crassus
2329 820 2470 875 erat

279 905 284 912 ¹
360 912 768 999 elegantium
811 915 1256 999 parcissimuS,
1295 914 1617 981 Scaevola
1661 935 2008 999 parcorum
2060 915 2473 1000 elegantissi-

362 1040 550 1099 mus;
597 1019 983 1085 Crassusin
1016 1040 1276 1084 summa
1306 1019 1624 1085 comitate
1653 1020 1942 1085 habebat
1978 1019 2181 1084 etiam
2234 1019 2473 1085 severi-

361 1124 521 1188 tatis
582 1124 763 1201 satis,
824 1123 1183 1189 Scaevolae
1238 1123 1450 1187 multa
1508 1123 1578 1188 in
1632 1124 1992 1190 severitate
2053 1144 2189 1188 non
2242 1125 2468 1189 deerat

362 1237 585 1292 tamen
623 1228 920 1295 comitas
1003 1228 1195 1293 Licet
1243 1227 1467 1295 omnia
1509 1228 1637 1292 hoc
1683 1229 1914 1304 modo;
1961 1229 2081 1293 sed
2119 1249 2353 1293 vereor
2386 1249 2471 1292 ne
2490 1255 2573 1301 149

361 1332 524 1415 fingi
564 1333 918 1396 videantur
954 1332 1139 1407 haec,
1186 1341 1259 1396 ut
1308 1331 1617 1397 dicantur
1657 1353 1696 1396 a
1744 1352 1851 1397 me
1896 1333 2182 1415 quodam
2233 1334 2468 1410 modo;

361 1456 466 1500 res
498 1445 726 1501 tamen
759 1436 855 1501 sic
898 1456 971 1500 se
1013 1436 1232 1500 habet.
1330 1435 1502 1501 Cum
1547 1436 1765 1500 omnis
1801 1425 2013 1501 virtus
2061 1438 2167 1514 sit,
2214 1446 2287 1501 ut
2328 1457 2469 1501 ves-

360 1549 479 1616 tra,
530 1541 756 1617 Brute,
800 1549 995 1604 vetus
1041 1539 1411 1604 Academia
1462 1540 1645 1618 dixit,
1694 1541 2136 1618 mediocritaS,
2186 1550 2467 1628 uterque

361 1644 593 1709 horum
627 1644 918 1709 medium
952 1644 1264 1728 quiddam
1296 1644 1561 1709 volebat
1595 1644 1824 1728 sequi;
1870 1645 1988 1710 sed
2032 1644 2127 1711 ita
2162 1645 2462 1722 cadebat,

362 1757 433 1812 ut
476 1748 645 1813 alter
684 1768 766 1813 ex
811 1748 1084 1813 alterius
1125 1748 1320 1814 laude
1360 1758 1639 1832 partem,
1678 1758 1959 1832 uterque
2004 1758 2229 1816 autem
2276 1769 2463 1813 suam

359 1861 570 1917 totam
603 1851 919 1917 haberet.’

444 1957 621 2021 Tum
669 1957 939 2033 BrutuS,
979 1956 1190 2021 ‘Cum
1237 1976 1320 2021 ex
1362 1964 1482 2021 tua
1524 1956 1827 2021 oratione
1872 1955 2034 2020 mihi
2074 1955 2340 2033 videor,’
2367 1956 2468 2020 in·
2484 1984 2568 2031 150

359 2060 521 2144 quit,
564 2062 772 2126 ‘bene
820 2061 1135 2126 Crassum
1185 2070 1253 2125 et
1302 2060 1689 2125 Scaevolam
1737 2060 2149 2144 cognovisse,
2188 2069 2333 2124 tum
2381 2061 2464 2125 de

358 2174 427 2229 te
459 2174 525 2230 et
556 2166 640 2230 de
674 2165 813 2231 Ser.
853 2164 1147 2249 Sulpicio
1180 2165 1484 2248 cogitans
1517 2184 1668 2229 esse
1709 2166 2041 2247 quandam
2073 2164 2263 2229 vobis
2311 2185 2461 2230 cum

360 2268 488 2333 illis
542 2269 1069 2343 similitudinem,
1101 2267 1360 2333 iudic0.'
1459 2276 1475 2303 ‘
1502 2267 1855 2353 Quonam,'
1913 2269 2200 2353 inquam,
2253 2268 2461 2334 ‘istuc

358 2373 553 2438 modo
574 2374 597 2437 ?
618 2373 633 2399 ’
732 2382 748 2409 ‘
770 2373 948 2457 Quia
978 2373 1142 2437 mihi
1173 2382 1240 2437 et
1271 2381 1349 2436 tu
1378 2371 1665 2451 videris,’
1701 2372 1937 2456 inquit,
1969 2379 2268 2437 ‘tantum
2302 2372 2461 2437 iuris

358 2477 568 2543 civilis
600 2477 772 2543 scire
801 2477 1093 2542 voluisse
1124 2486 1447 2561 quantum
1481 2476 1645 2547 satis
1678 2487 1858 2542 esset
1900 2477 2162 2554 oratori,
2199 2487 2265 2543 et
2316 2477 2462 2542 Ser-

356 2581 502 2646 vius
533 2581 952 2666 eloquentiae
983 2590 1245 2646 tantum
1278 2581 1733 2664 adsumpsisse
1773 2590 1849 2645 ut
1894 2581 1996 2646 ius
2038 2581 2232 2646 civile
2262 2581 2459 2646 facile

357 2695 583 2768 posset
636 2685 852 2763 tueri,
905 2694 1294 2768 aetatesque
1341 2694 1622 2763 vestrae,
1667 2694 1742 2749 ut
1797 2684 2075 2762 illorum,
2126 2685 2293 2749 nihil
2343 2694 2457 2749 aut

356 2809 489 2855 non
520 2790 662 2855 fere
692 2789 974 2856 multum
1012 2788 1373 2855 differunt.’
1470 2791 1560 2853 Et
1608 2809 1751 2872 eg0,
1790 2789 1937 2853 ‘De
1982 2787 2130 2866 me,'
2164 2789 2452 2873 inquam,
2481 2768 2556 2824 4¹

2477 2848 2557 2894 151

427 2980 533 3045 148.
569 2982 1016 3034 disertissimum
1045 2999 1060 3032 ε
1131 2981 1212 3032 81.
1265 2996 1344 3043 n.;
1454 2981 1535 3045 89,
1571 2998 1704 3048 quae
1736 2986 1819 3032 est·
1839 2983 1980 3031 inter
2014 2983 2244 3031 nimium
2288 2991 2335 3032 et
2358 2991 2456 3048 pa-

354 3047 477 3098 here
513 3050 637 3099 used
676 3049 754 3098 for
792 3049 879 3098 the
916 3049 1354 3113 eloquentissimus
1454 3064 1578 3098 rum
1597 3063 1619 3097 .·
1656 3063 1788 3113 quae
1813 3049 1984 3112 placet
2010 3049 2376 3113 Peripateticis,
2391 3077 2458 3086 —

355 3114 414 3163 of
437 3126 546 3180 145.
1454 3129 1486 3163 a
1505 3129 1647 3164 more
1671 3121 1900 3163 accurate
1926 3121 2194 3164 statement
2217 3115 2341 3164 than
2371 3115 2458 3174 the

420 3181 499 3230 ita
523 3217 535 3230 .
560 3217 573 3230 .
599 3218 612 3231 .
635 3189 701 3231 ut
721 3188 944 3230 tamen:
983 3180 1046 3230 cf.
1072 3193 1185 3244 203.
1453 3195 1553 3230 one
1598 3181 1652 3229 in
1696 3196 1789 3229 our
1833 3186 1936 3228 text
1944 3197 1961 3240 ;
2027 3179 2090 3230 cf.
2137 3181 2289 3231 Arist.
2335 3182 2455 3231 Eth.

419 3246 652 3296 malles:
689 3246 753 3296 cf.
777 3246 838 3296 de
864 3248 953 3298 Or.
972 3247 1071 3295 III.
1093 3259 1137 3311 7.
1160 3246 1238 3306 26,
1257 3248 1353 3311 qui
1452 3248 1653 3296 Nicom.
1678 3246 1749 3295 11.
1774 3256 1821 3310 5.

354 3327 522 3362 omnes
558 3313 697 3362 inter
727 3328 777 3361 se
810 3312 1080 3362 dissimiles
1104 3314 1349 3380 suerunt,
1517 3312 1790 3372 medium,
1807 3310 1991 3375 golden
2016 3328 2185 3362 mean.

351 3378 440 3427 sed
455 3379 529 3427 ita
552 3386 740 3439 tamen,
760 3386 820 3428 ut
841 3381 1099 3429 neminem
1122 3382 1210 3430 sui
1225 3381 1351 3429 velis
1522 3390 1629 3444 150.
1656 3378 1939 3443 Sulpicio:
1981 3393 2013 3428 a
2029 3378 2307 3443 digression
2324 3380 2454 3429 from

353 3461 448 3495 esse
468 3445 782 3496 dissimilem.
1450 3445 1671 3495 Crassus.

417 3526 731 3577 parcorum,
749 3513 919 3578 plain,
942 3513 1136 3577 simple.
1515 3519 1740 3561 tantum
1765 3511 1935 3561 iuris=
1980 3509 2044 3560 ef.
2082 3511 2203 3574 3063
2254 3512 2344 3562 Or.
2373 3525 2453 3575 34.

422 3590 532 3640 149.
566 3579 724 3629 licet:
774 3594 843 3628 sc.
859 3594 926 3628 an
948 3578 1114 3639 infin.;
1140 3599 1190 3622 =
1219 3582 1233 3606 ‘
1251 3593 1349 3627 one
1456 3588 1563 3637 120,
1612 3579 1694 3626 ius
1749 3578 1897 3626 civile
1944 3584 2123 3637 teneat,
2171 3593 2270 3642 quo
2314 3586 2458 3642 egent

352 3659 447 3695 can
468 3645 601 3710 keep
626 3660 693 3694 on
727 3645 781 3693 in
817 3645 915 3694 this
948 3645 1103 3695 sti-ain
1126 3644 1186 3694 of
1213 3659 1348 3694 com·
1451 3659 1632 3692 causae
1652 3644 1882 3708 fhrenses
1919 3643 2097 3692 cotidie
2110 3660 2134 3701 ,⁰
2181 3644 2240 3692 de
2261 3646 2380 3693 Am.
2412 3656 2451 3692 1.

350 3710 588 3775 parison!
1457 3722 1509 3769 1;
1549 3708 1722 3772 Quint.
1746 3708 1869 3758 XII.
1897 3721 1943 3771 3.
1974 3720 2050 3758 1ο.

414 3786 632 3827 vestra:
671 3775 738 3827 cf.
770 3789 876 3826 120.
1517 3783 1762 3824 aetates:
1802 3775 1887 3823 the
1911 3789 2006 3837 age
2042 3773 2102 3822 of
2130 3774 2377 3838 Sulpicius
2409 3776 2452 3825 is

416 3843 807 3894 mediocritasz
861 3842 927 3893 cf.
961 3842 1021 3892 de
1061 3843 1154 3910 Off.
1191 3842 1234 3896 1.
1270 3853 1348 3907 25.
1452 3840 1685 3890 nowhere
1710 3855 1849 3889 more
1874 3839 2130 3903 definitely
2152 3841 2317 3903 given.
2389 3906 2394 3911 .
