2767 4334
289 366 357 417 36

287 1395 346 1438 72

1129 428 1134 437 ,
1170 434 1181 443 .
1260 364 1535 416 CICERO.

378 552 529 595 cum
591 540 658 595 et
721 530 789 593 in
850 506 1200 613 procorum
1271 529 1485 613 epulis
1553 539 1900 595 canuntur.

376 645 639 700 veteres
670 655 901 699 versus
934 634 1047 699 ubi
1081 635 1284 698 sunt?

2017 530 2218 614 Quid,
2283 529 2491 594 nostri

811 759 977 822 quos
1009 738 1164 803 olim
1201 738 1417 803 Fauni
1448 747 1770 822 vatesque
1802 740 2150 815 canebant,

463 865 615 909 cum
649 864 866 927 neque
899 844 1243 908 Musarum
1279 842 1589 926 scopulos
1620 842 1970 927 quisquam
2004 851 2367 926 superarat,

464 969 589 1013 nec
621 947 783 1013 dicti
816 948 1157 1012 studiosus
1188 957 1329 1012 erat
1350 956 1615 1012 —ante
1646 948 1825 1012 hunc

376 1053 467 1117 ait
531 1052 673 1135 ipse
731 1052 816 1115 de
877 1072 967 1127 se,
1026 1072 1150 1116 nec
1212 1052 1537 1115 mentitur
1580 1052 1651 1115 in
1697 1051 2081 1135 gloriand03
2157 1050 2253 1117 sic
2314 1051 2490 1115 enim

377 1177 525 1221 sese
571 1177 677 1221 res
722 1156 941 1221 habet.

1040 1156 1214 1220 Nam
1272 1165 1340 1221 et
1398 1155 1691 1242 Odyssia
1746 1156 1991 1220 Latina
2034 1164 2137 1219 est
2185 1156 2281 1221 sic
2330 1165 2493 1220 tam-

376 1281 570 1344 quam
633 1281 801 1343 opus
862 1260 1126 1344 aliquod
1193 1260 1474 1324 Daedali
1528 1270 1597 1324 et
1655 1260 1975 1324 Livianae
2034 1257 2297 1324 fabulae
2357 1281 2490 1323 non

376 1365 540 1429 satis
573 1363 816 1447 dignae
848 1384 1018 1447 quae
1050 1364 1291 1428 iterum
1333 1364 1659 1448 legantur.

1779 1363 1993 1447 Atqui
2040 1362 2151 1429 hic
2200 1363 2487 1448 [Livius]

375 1469 625 1552 primus
671 1468 963 1532 fabulam
1012 1468 1084 1534 C.
1139 1469 1417 1533 Claudio
1466 1468 1668 1533 Caeci
1714 1466 1850 1532 filio
1896 1478 1963 1532 et
2011 1468 2108 1531 M.
2152 1468 2491 1533 Tuditano

375 1573 761 1638 consulibus
786 1572 1012 1637 docuit
1038 1593 1213 1636 anno
1239 1573 1383 1656 ipso
1416 1583 1573 1637 ante
1605 1593 1800 1656 quam
1835 1582 2033 1636 natus
2066 1581 2172 1637 est
2208 1571 2487 1649 EnniuS,
2567 1604 2570 1605 ⁷

374 1687 524 1761 post
560 1679 845 1741 Romam
879 1677 1215 1741 conditam
1248 1687 1474 1741 autem
1513 1677 2009 1761 quartodecimo
2056 1686 2122 1740 et
2171 1676 2492 1760 quingen-

374 1782 632 1857 tesimo,
696 1789 770 1844 ut
816 1779 926 1845 hic
971 1780 1064 1844 ait
1085 1801 1280 1864 quem
1327 1802 1450 1845 nos
1501 1781 1877 1865 sequimur,
1939 1789 2041 1844 est
2089 1781 2267 1844 enim
2314 1781 2491 1845 inter

373 1885 730 1968 scriptores
791 1885 876 1950 de
936 1905 1213 1949 numero
1273 1871 1599 1950 annorum
1659 1884 2128 1950 controversia.
2237 1884 2489 1950 Accius

439 2116 766 2168 procorum.
826 2103 891 2166 by
917 2103 1174 2162 Phemius;
1217 2103 1307 2149 Oct.
1337 2103 1379 2151 Ι.

379 2181 495 2233 154;
538 2176 586 2218 et
605 2170 671 2218 al.

439 2249 588 2298 quos
624 2234 776 2293 olim,
812 2241 935 2284 etc.:
981 2234 1109 2284 from
1153 2235 1239 2284 the
1276 2237 1379 2285 An-

373 2301 483 2349 nals
529 2300 586 2348 of
629 2301 843 2359 Ennius;
907 2299 971 2350 cf.
1016 2300 1092 2365 76.
1171 2303 1260 2349 Or.
1301 2314 1376 2365 51.

380 2379 464 2431 171
505 2367 669 2415 shows
705 2366 810 2414 that
843 2367 1073 2415 versibus
1103 2368 1266 2430 began
1295 2368 1380 2416 the

374 2433 473 2481 first
521 2432 622 2481 line
669 2431 728 2479 of
767 2433 852 2480 the
887 2434 1149 2496 quotation
1197 2435 1247 2481 in
1290 2449 1381 2482 our

374 2505 491 2556 text,
518 2499 617 2547 and
649 2498 755 2547 that
789 2498 983 2547 Ennius
1013 2499 1172 2563 spoke
1207 2500 1379 2562 slight-

373 2563 509 2626 ingly
561 2563 619 2612 of
685 2564 764 2612 his
834 2565 1201 2627 predecessors;
1266 2581 1381 2628 ergo

374 2631 556 2679 Ennio
610 2631 763 2678 licuit
817 2637 984 2678 vetera
1045 2633 1380 2679 contemnenti

373 2696 552 2744 dicere.

439 2761 650 2810 Fauni:
711 2761 914 2821 Varro’s
971 2762 1265 2822 derivation,
1323 2764 1380 2811 de

372 2830 522 2891 Ling.
569 2828 681 2875 Lat.
717 2815 833 2875 VII.
872 2827 950 2888 36,
991 2828 1034 2876 is
1080 2826 1206 2876 from
1240 2830 1377 2894 sari.

373 2895 592 2943 Modern
616 2892 958 2956 etymologists
986 2893 1114 2942 have
1146 2895 1377 2956 assigned

372 2961 406 3008 it
445 2968 496 3008 to
528 2959 746 3021 another
786 2966 912 3019 root,
940 2959 1184 3022 denoting
1221 2960 1369 3022 light3

371 3027 458 3076 but
475 3014 764 3089 Nettleship
784 3025 936 3088 (Lect.
951 3026 1179 3074 andEss.
1184 3042 1261 3090 ,.p
1284 3027 1372 3090 51)

371 3098 610 3141 connects
643 3091 683 3141 it
716 3090 835 3139 with
857 3093 1062 3157 fiituus,
1087 3092 1215 3140 from
1236 3093 1375 3158 sari.

370 3167 530 3208 vates
570 3174 683 3222 may
725 3157 787 3206 be
829 3158 886 3206 of
930 3157 1012 3207 th'e
1052 3174 1190 3206 same
1233 3159 1376 3207 stock

371 3225 491 3273 with
533 3225 700 3291 fari.-
755 3224 1043 3288 Nettleship
1082 3224 1239 3288 (Lect.
1273 3226 1388 3272 and

371 3292 498 3350 Ess„
522 3307 572 3356 p.
595 3289 684 3356 53)
715 3298 942 3353 suggests
979 3290 1064 3339 the
1093 3297 1205 3338 root
1235 3307 1374 3339 va—
1327 3326 1373 3335 .-

371 3359 452 3404 ‘to
490 3372 590 3419 cry,
614 3372 670 3405 or
703 3363 757 3405 to
792 3357 983 3420 speaks
1052 3356 1099 3405 It
1133 3356 1176 3405 is
1203 3372 1269 3405 an
1302 3357 1376 3405 in·

370 3412 615 3484 digenou's
648 3414 802 3486 Latin
844 3421 926 3487 (or
973 3421 1106 3485 early
1141 3423 1377 3487 acquired

369 3487 554 3552 Celtic)
595 3489 731 3539 word
770 3488 847 3538 for
893 3489 1036 3549 hard,
1071 3490 1376 3552 superseded

371 3556 560 3618 usually
583 3557 648 3619 by
674 3556 760 3605 the
783 3555 951 3606 Greek
968 3564 1129 3620 poeta.
1185 3555 1378 3604 Ennius

369 3622 469 3670 and
490 3622 750 3672 Lucretius
770 3624 893 3686 used
911 3623 947 3671 it
972 3620 1367 3686 disparagingly3

370 3688 434 3737 cf.
460 3689 604 3738 Luci.
629 3689 671 3737 1.
702 3701 820 3750 1023
864 3689 918 3739 in
941 3688 1156 3752 Vergil’s
1173 3689 1290 3736 time
1315 3688 1376 3735 its

369 3754 531 3803 honor
564 3772 667 3805 was
711 3756 958 3814 τεοῖσι-’θῶ
1014 3771 1098 3818 eg.
1136 3754 1244 3803 Ecl.
1281 3753 1373 3802 IX.

372 3832 447 3881 34.
518 3821 727 3884 Juvenal
768 3820 838 3884 (Ι.
883 3819 966 3884 18)
997 3836 1110 3869 uses
1146 3820 1182 3868 it
1218 3819 1373 3869 satiri-

370 3885 513 3947 cally,
539 3886 627 3936 but
656 3894 745 3935 not
780 3887 1229 3951 contemptuously.
1296 3885 1375 3934 Cf

1479 2104 1589 2167 Juv.
1638 2103 1755 2152 VII.
1817 2115 1895 2168 53,
1964 2101 2218 2166 egregium
2286 2111 2450 2152 vatem
2463 2120 2486 2160 ,·

1478 2169 1652 2232 Quint.
1682 2169 1747 2217 X.
1777 2181 1816 2216 1.
1842 2168 1925 2230 48,
1954 2168 2170 2216 dearum
2195 2184 2324 2232 quas
2337 2176 2489 2232 prae—

1477 2235 1644 2284 sidere
1666 2235 1866 2283 vatibus
1885 2235 2129 2283 creditur.
2196 2234 2274 2283 Cf.
2301 2235 2485 2284 Munro

1480 2317 1547 2350 on
1572 2302 1736 2359 Lucr„
1761 2301 1793 2349 l.
1798 2317 1839 2349 c.

1545 2368 1845 2432 scopulos:
1880 2366 1943 2414 cf.
1963 2366 2021 2414 de
2044 2367 2131 2415 Or.
2151 2366 2250 2414 111.
2272 2380 2352 2427 41.
2379 2368 2484 2429 163,

1482 2434 1676 2494 Syrtim
1694 2433 2028 2495 patrimonii,
2046 2433 2303 2496 scopulum
2330 2434 2484 2512 liben-

1477 2499 1582 2547 tius
1605 2499 1848 2547 dixerim.

1545 2565 1764 2614 hunc:
1789 2564 1983 2612 Ennius
2004 2562 2219 2625 himself.
2257 2563 2334 2613 Cf.
2355 2565 2489 2615 Hor.¹
2518 2614 2524 2617 ,

1481 2632 1586 2678 Sat.
1630 2631 1672 2679 Ι.
1711 2643 1758 2692 9.
1793 2642 1875 2694 47,
1910 2629 2048 2678 hunc
2078 2629 2333 2679 hominem
2372 2629 2482 2693 [i.e.

1478 2696 1581 2760 me]
1612 2696 1755 2744 velles
1775 2697 1822 2744 si
1843 2696 2063 2744 tradere.

1545 2776 1702 2812 sese:
1775 2761 1836 2810 cf.
1902 2773 2017 2822 149;
2081 2773 2196 2823 1923
2264 2760 2339 2810 for
2396 2761 2484 2811 the

1477 2828 1673 2892 phrase,
1697 2827 1761 2876 cf.
1787 2827 1872 2877 Gr.
1900 2828 2051 2878 οὕτως
2075 2826 2199 2891 ἔχει.

1543 2893 1818 2955 Odyssia:
1858 2893 1917 2941 of
1946 2893 2117 2943 Livius
2144 2893 2483 2954 AndronicuS,

1475 2959 1529 3009 in
1554 2960 1821 3009 Saturnian
1855 2974 2025 3008 verse:
2064 2959 2186 3022 long
2208 2959 2330 3008 used
2365 2974 2420 3008 as
2456 2975 2487 3008 a

1476 3025 1837 3085 school-book3
1882 3027 2010 3075 Hor.
2034 3027 2132 3089 Ep.
2159 3026 2227 3074 11.
2259 3037 2299 3074 1.
2323 3025 2403 3086 69.

1544 3091 1845 3141 Livianae:
1885 3092 2057 3155 Quint.
2095 3093 2159 3140 X.
2197 3105 2241 3141 2.
2281 3104 2325 3155 7,
2355 3091 2492 3155 quid

1476 3165 1593 3207 erat
1598 3158 1870 3223 futurum,
1889 3159 1937 3206 si
1961 3175 2104 3208 nemo
2116 3159 2240 3223 plus
2256 3159 2491 3224 effecisset

1477 3241 1528 3272 eo
1546 3240 1691 3289 quem
1714 3224 2012 3287 sequebatur
2027 3227 2056 3274 ,⁴⁹
2091 3226 2234 3273 nihil
2250 3225 2309 3272 in
2321 3226 2487 3288 poetis

1475 3297 1636 3354 supra
1692 3291 1907 3338 Livium
1963 3292 2322 3343 Andronicum
2363 3328 2376 3340 .
2416 3328 2429 3340 .
2470 3326 2482 3337 .

1474 3356 1768 3404 haberemus
1784 3374 1808 3413 ,·
1867 3356 1930 3406 cf.
1979 3357 2086 3407 Liv.
2134 3358 2354 3407 XXVII.
2401 3369 2484 3420 37,

1475 3423 1705 3487 fhrsitan
1724 3423 1982 3472 laudabile
1998 3425 2215 3473 rudibus
2238 3424 2484 3487 ingeniis,

1478 3504 1620 3537 nunc
1642 3488 1920 3537 abhorrens
1942 3496 1992 3539 et
2012 3490 2346 3538 inconditum.

1543 3567 1620 3618 72.
1655 3554 1935 3604 fabulam.
1984 3555 2047 3605 cf
2084 3556 2476 3618 Tusc.1.1.3;

1475 3620 1533 3668 de
1557 3621 1673 3670 Sen.
1704 3634 1779 3682 14.
1805 3633 1882 3686 50.

1540 3686 1760 3737 docuit.
1812 3686 1875 3738 cf.
1926 3700 2010 3751 73,
2056 3687 2142 3753 78,
2188 3701 2308 3750 229,
2352 3687 2487 3736 from

1474 3752 1711 3815 reaching
1754 3753 1840 3802 the
1885 3761 2021 3818 parts
2066 3761 2117 3802 to
2163 3754 2247 3802 the
2285 3758 2479 3814 ποῖοι-ες

1474 3818 1537 3867 cf.
1563 3819 1649 3867 Gr.
1670 3819 1930 3869 διδάσκειν.

1541 3884 1635 3936 hic
1663 3884 1829 3951 (πῖθι
1867 3886 2078 3935 Atticus.
