2767 4334
222 365 287 418 50

249 1054 506 1130 99tiam‚
540 1073 693 1118 cum
726 1063 794 1118 et
827 1053 1286 1131 consuleretur
1316 1054 1673 1137 plurimum
1708 1063 1775 1118 et
1807 1053 2076 1117 diceret.

229 1992 687 2057 1000rationem
719 1991 1098 2055 contulisse.

1188 367 1461 418 CICERO.

323 550 435 595 cas
481 530 907 614 disciplinas3
968 552 1121 595 narn
1169 541 1236 596 et
1285 553 1442 597 cum
1486 553 1744 597 summo
1793 533 2229 609 illooratore,
2283 531 2423 596 Ser.

325 635 554 712 Galba,
590 635 780 699 cuius
815 635 889 700 C.
925 635 1059 699 filio
1091 636 1294 700 filiam
1342 634 1532 701 suam
1566 638 2046 713 conlocaverat,
2081 636 2426 711 adfinitate

325 759 472 803 sese
518 739 922 816 devinxerat,
963 750 1030 804 et
1074 761 1226 805 curn
1260 751 1442 806 esset
1475 743 1541 806 P.
1573 742 1782 806 Mucii
1816 742 1990 806 filius
2022 742 2428 824 fratremque

324 844 598 908 haberet
647 844 713 908 P.
768 843 1176 922 Scaevolam,
1210 835 1389 909 domi
1437 846 1539 910 ius
1587 845 1783 911 civile
1828 854 2249 929 cognoverat.
2347 845 2427 907 In

323 969 402 1012 eo
444 947 840 1013 industriam
874 958 1137 1014 constat
1171 970 1497 1013 summam
1530 950 1741 1014 fuisse
1772 950 2258 1033 maximamque
2290 969 2430 1032 gra-

2167 1053 2427 1116 Horum

321 1158 654 1223 aetatibus
700 1158 996 1222 adiuncti
1042 1159 1174 1220 duo
1223 1157 1296 1223 C.
1351 1158 1591 1222 Fannii
1626 1158 1700 1222 C.
1737 1168 1805 1222 et
1840 1159 1931 1221 M.
1968 1156 2086 1221 filii
2116 1157 2429 1234 fuerunt3

322 1284 601 1347 quorum
643 1262 792 1328 Gaii
834 1262 1027 1337 filius,
1063 1262 1175 1345 qui
1222 1262 1456 1326 consul
1503 1282 1653 1326 cum
1698 1261 1997 1326 Domitio
2043 1244 2190 1338 fuit,
2227 1281 2426 1324 unam

322 1368 691 1433 orationem
724 1368 807 1431 de
854 1365 1054 1431 sociis
1097 1375 1164 1429 et
1204 1366 1474 1430 nomine
1509 1366 1752 1429 Latino
1786 1374 2018 1429 contra
2050 1365 2425 1429 Gracchum

324 1471 587 1555 reliquit
621 1491 782 1535 sane
815 1480 883 1535 et
909 1471 1150 1535 bonam
1179 1479 1248 1534 et
1273 1468 1606 1535 nobilem.’
1684 1470 1859 1534 Tum
1885 1469 2181 1545 AtticuS‚
2214 1468 2427 1553 ‘Quid

323 1576 529 1659 ergo?
577 1584 769 1640 estne
815 1574 944 1638 ista
978 1573 1269 1638 Fannii?
1315 1594 1469 1637 nam
1500 1574 1682 1638 varia
1722 1572 1945 1657 opinio
1978 1573 2200 1657 pueris
2235 1573 2427 1638 nobis

323 1689 481 1745 erat.
581 1678 724 1743 Alii
769 1699 810 1742 a
855 1679 929 1743 C.
983 1677 1207 1742 Persio
1257 1677 1553 1742 litterato
1599 1679 1869 1743 homine
1917 1678 2231 1761 scriptam
2280 1698 2429 1742 esse

322 1785 610 1860 aiebant,
658 1782 789 1860 illo,
835 1802 1030 1867 quern
1084 1782 1416 1865 significat
1469 1782 1658 1847 valde
1707 1783 1979 1846 doctum
2030 1802 2182 1847 esse
2237 1781 2430 1847 Luci-

325 1889 451 1953 lius
476 1910 492 1967 ;
538 1887 651 1951 alii
682 1887 931 1951 multos
965 1886 1226 1963 nobilis,
1255 1887 1432 1969 quod
1464 1887 1744 1969 quisque
1776 1886 2124 1969 potuisset,
2154 1886 2221 1950 in
2249 1885 2427 1949 illam

1107 1989 1122 2015 ⁹
1207 1992 1384 2054 Tum
1418 2011 1564 2073 eg0‚
1596 1989 1885 2054 ‘Audivi
1918 1991 2222 2074 equidem
2255 1988 2425 2066 ista,'

230 2134 236 2141 ·
326 2098 615 2179 inquam,
647 2096 761 2160 ‘de
785 2095 1360 2176 maioribus-natu,
1391 2096 1508 2159 sed
1534 2115 1895 2178 numquam
1922 2116 2069 2159 sum
2102 2096 2427 2159 adductus

325 2212 397 2266 ut
431 2203 768 2267 crederem
796 2222 811 2279 ;
856 2219 1135 2283 eamque
1168 2199 1617 2282 suspicionem
1651 2208 1924 2282 propter
1954 2200 2126 2264 hanc
2159 2219 2426 2263 causam

325 2307 524 2371 credo
572 2305 802 2383 fuisse,
854 2305 1030 2388 quod
1083 2305 1383 2396 Fannius
1439 2305 1507 2367 in
1557 2304 2002 2373 mediocribus
2055 2304 2426 2367 oratoribus

325 2411 591 2476 habitus
623 2419 746 2486 est,
774 2408 985 2477 oratio
1017 2389 1241 2473 autem
1272 2409 1379 2473 vel
1411 2409 1663 2491 optima
1694 2417 1799 2509 est
1831 2408 1942 2471 illo
1966 2407 2233 2491 quidem
2267 2416 2431 2471 tem-

323 2536 483 2598 pore
514 2514 888 2578 orationum
927 2510 1240 2577 omnium.
1341 2513 1475 2577 Sed
1523 2533 1648 2577 nec
1694 2513 1837 2576 eius
1886 2503 2064 2575 modi
2110 2522 2251 2589 est,
2271 2520 2344 2574 ut
2390 2530 2430 2574 a

325 2620 626 2703 pluribus
670 2617 950 2682 confusa
979 2617 1321 2693 videatur;
1370 2638 1545 2680 unus
1592 2615 1769 2680 enirn
1819 2636 2023 2679 sonus
2069 2625 2172 2679 est
2219 2615 2426 2679 totius

323 2722 642 2787 orationis
682 2732 749 2786 et
794 2722 970 2785 idem
1004 2720 1236 2798 stilus;
1285 2741 1409 2784 nec
1440 2721 1523 2784 de
1557 2719 1784 2784 Persio
1817 2719 2197 2783 reticuisset
2233 2719 2430 2783 Grac·

380 2892 626 2941 diceret:
667 2902 778 2938 212.
803 2905 852 2937 n.
1421 2887 1599 2950 higher
1633 2888 1754 2937 than
1788 2887 1873 2935 the
1910 2887 1993 2935 ius
2031 2887 2291 2946 Italicum,
2327 2888 2430 2936 and

388 2970 469 3017 99.
505 2956 668 3006 Gaiiz'
696 2956 751 3004 C.
787 2956 936 3004 stood
971 2954 1048 3003 for
1082 2953 1253 3013 Gaius,
1279 2970 1332 3002 as

323 3024 415 3072 Cn.
442 3022 520 3071 for
544 3022 747 3071 Gnaeus
757 3039 771 3080 ;
814 3021 985 3084 Quint.
1012 3021 1053 3069 I.
1082 3031 1123 3082 7.
1152 3020 1330 3081 28-29.

388 3088 623 3138 consul:
660 3097 757 3137 B.C.
789 3099 896 3135 122.

390 3157 458 3205 de
519 3154 711 3213 soche,
757 3159 883 3201 ete.=
952 3152 1009 3201 C.
1076 3151 1331 3200 Gracchus

1421 3020 1537 3078 cies,
1575 3026 1627 3067 to
1664 3019 1749 3067 the
1788 3018 1879 3067 full
1921 3020 2004 3066 ius
2037 3019 2279 3067 civitatis.
2351 3019 2427 3068 Cf.

1423 3085 1704 3133 Merivale's
1730 3085 1909 3143 Rome,
1934 3085 2090 3148 Chap.
2124 3085 2196 3133 16.

1490 3151 1713 3200 Persio.
1752 3150 1813 3198 de
1855 3151 1942 3198 Or.
1980 3150 2049 3198 ΙΙ.
2075 3151 2120 3198 6.
2148 3161 2226 3214 25,
2250 3151 2308 3198 de
2331 3166 2430 3214 quo

1421 2968 1548 3016 gave
1572 2968 1757 3012 access,
1776 2953 2001 3029 through
2018 2952 2149 3001 local
2172 2952 2428 3015 magistra·
2502 2982 2527 2999 .-

324 3222 500 3269 ‘made
538 3236 569 3269 a
606 3219 845 3284 proposal
880 3226 933 3267 to
970 3224 1117 3280 grant
1155 3224 1207 3265 to
1246 3217 1330 3266 the

325 3288 498 3336 Latins
520 3287 606 3335 the
630 3285 720 3334 full
744 3285 1010 3342 franchise,
1034 3284 1136 3332 ancl
1163 3290 1216 3331 to
1244 3284 1330 3332 the

324 3354 469 3402 other
493 3352 673 3401 Italian
698 3351 838 3399 allies
862 3351 948 3399 the
973 3350 1156 3398 former
1175 3349 1331 3411 rights

324 3419 383 3468 of
432 3418 517 3467 the
571 3417 797 3476 Latins’;
867 3417 1170 3475 Mommsen,
1217 3416 1330 3463 who

322 3485 460 3548 gives
497 3500 528 3533 a
563 3482 812 3546 fragment
848 3482 906 3537 of
936 3482 1021 3531 the
1056 3453 1241 3546 speech
1278 3481 1337 3529 of

324 3551 561 3600 Fannius.
630 3549 888 3598 Gracchus
911 3564 1014 3597 was
1038 3547 1242 3610 obliged
1277 3553 1329 3596 to

322 3617 578 3673 withdraw
603 3615 680 3663 his
703 3615 954 3678 proposal.

388 3682 621 3731 nomine
658 3682 894 3733 Latino.
939 3679 1039 3729 this
1075 3686 1200 3728 term
1235 3678 1332 3729 dis·

322 3749 612 3811 tinguished
649 3748 837 3797 certain
873 3747 1056 3795 Italian
1102 3746 1241 3795 cities
1276 3760 1343 3794 55

322 3814 531 3865 entitled
578 3819 649 3866 to
684 3813 847 3875 larger
890 3812 1157 3876 privileges
1208 3811 1348 3865 than

319 3895 456 3929 mere
511 3872 650 3929 socii.
737 3879 849 3929 The
900 3877 984 3927 ius
1038 3877 1187 3927 Latii
1228 3891 1333 3931 was

1420 3218 1573 3266 etiam
1599 3215 1893 3280 [Lucilius]
1922 3217 2143 3279 scrip5it,
2163 3220 2175 3241 ‘
2190 3217 2428 3265 Persium

1422 3300 1525 3332 non
1560 3300 1683 3332 curo
1716 3283 1887 3346 legere,
1891 3282 2082 3330 ’-—lzic
2123 3283 2242 3349 fuit
2272 3285 2429 3342 enim,

1421 3357 1481 3397 ut
1535 3365 1800 3409 noramus,
1851 3352 2085 3398 omnium
2142 3353 2260 3416 sere
2321 3367 2427 3399 nos·
2445 3355 2454 3393 ἶ

1420 3422 1621 3464 trorum
1637 3416 1942 3467 hominum
1957 3416 2425 3474 docnssin21<s;see

1421 3481 1591 3594 Willk
1601 3498 1649 3530 ιι.
1688 3494 1691 3496 ’

1593 3548 1897 3619 .confusa‚
1884 3554 2151 3663 ,ἕως
2071 3554 2151 3610 tog
2147 3548 2319 3605 ether,-
2366 3547 2429 3596 cf.

1430 3561 1644 3662 Tulsc.1.
1675 3624 1749 3661 11.
1777 3625 1864 3676 233
2045 3612 2086 3661 Ι.
2123 3624 2211 3675 23;
2254 3613 2427 3676 Quint.
2479 3666 2485 3672 ,

1422 3679 1462 3728 1.
1492 3691 1533 3742 7.
1561 3678 1647 3738 26;
1691 3680 1790 3727 and
1815 3679 2096 3741 contulisse,
2120 3691 2200 3741 99.

1487 3759 1699 3801 sonus.
1733 3745 1874 3819 Opt.
1893 3745 2017 3793 Gen.
2051 3714 2140 3793 όν.
2170 3756 2209 3793 1.
2242 3756 2283 3803 1,
2306 3759 2428 3793 suus

1421 3818 1491 3859 est
1520 3811 1703 3876 cuique
1736 3827 1819 3859 cer
1797 3800 1900 3859 tus
1929 3825 2120 3868 sonus,·
2155 3809 2214 3859 de
2244 3781 2334 3862 όν.
2358 3809 2423 3860 11.

1427 3889 1500 3925 ¹²·
1527 3888 1607 3941 54·
1664 3932 1674 3936 ,
1900 3931 1955 3946 ,,,
