2767 4334
295 376 363 431 30
1264 372 1536 426 CICERO.

384 543 648 627 quidam
698 553 1014 619 oratores,
1051 562 1184 605 non
1233 540 1618 625 loquuntur.
1716 540 1851 606 Sed
1901 549 2004 604 est
2055 560 2134 604 ea
2180 540 2323 604 laus
2378 538 2494 603 elo-

385 648 698 732 quentiae
730 656 912 711 certe
943 646 1268 710 maxima:

1219 749 1276 814 is
1311 751 1565 815 dictust
1594 749 1743 814 ollis
1775 748 2203 833 popularibus
2236 748 2411 825 olim,

558 855 671 940 qui
700 866 845 920 tum
877 854 1188 919 vivebant
1220 854 1526 919 homines
1556 864 1758 938 atque
1788 875 2024 919 aevum
2056 853 2420 937 agitabant,

559 961 683 1025 flos
714 961 1043 1024 delibatus
1075 959 1320 1043 populi,

299 1094 356 1139 59
393 1067 620 1150 (probe
667 1086 863 1143 vero;
912 1075 985 1130 ut
1040 1065 1220 1129 enim
1269 1065 1559 1129 hominis
1610 1066 1814 1130 decus
1863 1063 2229 1147 ingenium,
2265 1062 2360 1127 sic
2412 1062 2503 1125 in-

387 1171 567 1253 genii
617 1170 826 1254 ipsius
873 1170 1098 1233 lumen
1154 1178 1257 1233 est
1312 1168 1712 1253 eloquentia,
1746 1189 1876 1253 qua
1923 1168 2135 1232 virum
2186 1167 2504 1231 excellen-

385 1285 523 1338 tem
571 1274 906 1358 praeclare
952 1284 1094 1338 tum
1138 1273 1234 1337 illi
1271 1273 1577 1338 homines
1611 1273 1842 1339 florem
1879 1272 2106 1356 populi
2146 1291 2294 1335 esse
2336 1269 2506 1334 dixe-

389 1388 541 1442 runt
569 1380 607 1460 ;)

1334 1465 1728 1549 Suadaeque
1760 1463 2067 1529 medulla.

391 1585 616 1652 Πειθὼ
668 1608 864 1670 quam
918 1595 1161 1651 vocant
1218 1585 1476 1662 Graeci,
1526 1586 1715 1651 cuius
1770 1586 2062 1650 effector
2108 1592 2211 1648 est
2265 1593 2503 1660 orator,

389 1693 561 1757 hanc
596 1691 887 1757 Suadam
918 1690 1272 1773 appellavit
1316 1691 1578 1754 Ennius
1603 1711 1617 1768 ;
1663 1689 1807 1754 eius
1854 1699 2080 1754 autem
2127 1688 2507 1771 Cethegum

388 1794 743 1860 medullam
790 1795 1000 1859 fuisse
1051 1794 1207 1871 volt,
1256 1803 1348 1871 ut,
1394 1815 1590 1878 quam
1646 1796 1839 1859 deam
1892 1793 1961 1857 in
2018 1792 2255 1857 Pericli
2306 1791 2508 1855 labris

389 1898 654 1983 scripsit
711 1899 988 1983 Eupolis
1044 1899 1485 1975 sessitavisse‚
1535 1899 1733 1962 huius
1789 1898 1897 1962 hic
1951 1896 2309 1989 medullam
2362 1917 2511 1959 nos·

300 2025 360 2069 60
388 2013 565 2068 trum
597 2013 925 2068 oratorem
957 2003 1168 2067 fuisse
1201 2001 1457 2067 dixerit.
1546 2002 1647 2066 At
1680 2002 1789 2067 hic
1830 1999 2243 2088 [Cethegus]
2275 1999 2509 2065 consul

390 2130 539 2174 cum
575 2110 642 2174 P.
676 2109 1017 2172 Tuditano
1048 2107 1176 2171 fuit
1211 2107 1387 2171 bello
1431 2107 1680 2172 Punico
1728 2107 2023 2171 secundo
2068 2114 2512 2189 quaestorque

388 2214 493 2277 his
526 2213 912 2278 consulibus
947 2213 1037 2276 M.
1078 2211 1266 2286 Cat0,
1306 2211 1502 2274 modo
1535 2210 1732 2293 plane
1771 2210 1969 2274 annis
2016 2229 2151 2273 CXL
2197 2218 2356 2273 ante
2402 2229 2512 2272 me

389 2316 753 2393 consulem,
788 2325 855 2380 et
889 2316 955 2379 id
990 2315 1205 2398 ipsum
1241 2314 1370 2378 nisi
1404 2315 1603 2378 unius
1635 2324 1815 2379 esset
1864 2313 2069 2378 Ennii
2115 2312 2509 2379 testimonio

390 2421 751 2506 cognitum,
786 2420 965 2485 hunc
1012 2428 1332 2495 vetustaS,
1383 2429 1458 2483 ut
1502 2419 1668 2483 alios
1714 2419 2001 2483 fortasse
2047 2417 2312 2493 multOS,
2354 2416 2513 2480 obli·

389 2527 584 2589 vione
615 2523 964 2589 obruisset.
1047 2523 1234 2587 Illius
1266 2533 1492 2588 autern
1524 2523 1764 2587 aetatis
1797 2522 1909 2607 qui
1943 2542 2161 2587 sermo
2192 2519 2393 2585 fuerit
2428 2541 2510 2584 ex

392 2629 755 2694 Naevianis
788 2628 1054 2711 scriptis
1087 2627 1389 2712 intellegi
1417 2637 1643 2711 ‘potest
1673 2648 1690 2706 3
1736 2626 1840 2691 his
1875 2626 2056 2690 enim
2100 2624 2506 2702 consulibuS,

389 2745 462 2799 ut
495 2734 562 2798 in
595 2733 935 2798 veteribus
968 2732 1466 2797 commentariis
1517 2731 1839 2815 scripturn
1891 2740 2013 2807 est,
2061 2729 2355 2795 Naevius
2403 2737 2508 2793 est

391 2850 689 2903 mortuus
710 2860 725 2916 ;
756 2858 1155 2921 quamquam
1176 2838 1392 2901 Varro
1415 2847 1644 2901 noster
1664 2834 2216 2919 diligentissimus
2242 2833 2511 2897 investi-

461 2970 606 3028 ollis,
627 2969 793 3018 olim:
832 2967 963 3016 from
981 2967 1066 3016 the
1089 2983 1225 3017 same
1242 2975 1393 3027 stem;

393 3037 514 3084 with
565 3035 694 3084 ollis
763 3034 1151 3099 popularibuS,
1199 3033 1262 3084 cf.
1321 3033 1403 3083 ini

395 3102 660 3151 homines
683 3100 860 3149 below.

461 3168 759 3225 delibatus,
807 3165 983 3225 called,
1042 3166 1280 3215 choicest:
1335 3163 1399 3214 cf.

396 3234 552 3283 Plaut.
585 3235 693 3281 Cas.
711 3232 847 3295 prol.
872 3230 947 3291 18,
955 3233 1059 3296 flos
1072 3239 1361 3295 poetarum.

462 3313 537 3364 59.
577 3300 832 3348 Suadae:
896 3298 955 3346 de
1002 3300 1120 3347 Sen.
1182 3311 1256 3358 14.
1306 3309 1392 3362 503

394 3366 564 3428 Quint.
592 3366 662 3414 11.
697 3377 769 3431 15.
797 3380 853 3426 43
900 3365 1029 3413 Hor.
1055 3365 1155 3429 Ep.
1181 3365 1225 3412 Ι.
1265 3364 1311 3414 6.
1339 3362 1403 3425 38

395 3432 485 3480 has
511 3432 748 3481 Suadela.

461 3499 714 3548 effector:
761 3498 825 3548 cf.
867 3499 991 3548 Plat.
1042 3500 1188 3563 Gorg.
1223 3511 1320 3563 453
1339 3499 1402 3556 A,

397 3564 704 3628 δημιουργόςς
751 3566 922 3628 Quint.
948 3566 1019 3615 II.
1050 3577 1123 3631 15.
1147 3579 1195 3627 4,
1220 3566 1401 3630 opifex.

465 3632 692 3683 Pericli:
733 3633 808 3681 28.
834 3649 909 3692 n.;
955 3633 1033 3696 56.
1059 3649 1108 3680 n.

462 3699 856 3749 sessitavisse:
896 3714 1014 3762 very
1037 3713 1161 3748 rare.

462 3765 543 3813 60.
578 3766 808 3815 consul:
852 3764 928 3830 58.
956 3781 1005 3814 n.

462 3831 692 3895 plane:
721 3831 800 3878 ‘in
821 3831 982 3879 round
1007 3831 1276 3880 numbers.’

434 3911 556 3957 ‚me
580 3896 906 3946 consulem:
944 3907 1042 3944 B.C.
1067 3895 1147 3957 63.

1568 2967 1824 3033 scriptis:
1863 2967 1915 3016 in
1944 2966 2087 3025 exile,
2111 2972 2163 3014 at
2193 2965 2356 3023 Utica,
2390 2963 2506 3014 Nae·

1502 3034 1612 3083 vius
1635 3041 1787 3082 wrote
1811 3033 1897 3081 the
1920 3033 2020 3081 first
2046 3033 2241 3081 Roman
2267 3031 2412 3095 Epic,
2437 3046 2506 3080 on

1501 3099 1588 3149 the
1624 3100 1726 3148 first
1761 3099 1915 3147 Punic
1948 3113 2066 3147 war.
2135 3098 2183 3146 It
2204 3112 2306 3145 was
2333 3097 2387 3145 in
2416 3096 2505 3145 Sa-

1501 3165 1700 3215 turnian
1729 3180 1888 3214 verse.
1958 3165 2044 3213 He
2082 3163 2184 3212 had
2223 3163 2506 3227 previously

1502 3232 1719 3294 brought
1746 3238 1832 3280 out
1859 3230 2276 3292 drama5,⁴1nostly
2299 3228 2509 3281 transla-

1502 3298 1634 3346 tions
1668 3297 1796 3346 from
1832 3297 1916 3346 the
1950 3296 2133 3346 Greek.
2200 3294 2277 3345 Cf.
2316 3296 2375 3344 de
2416 3295 2507 3343 Or.

1503 3365 1601 3414 111.
1623 3377 1696 3413 12.
1710 3376 1791 3430 45,
1811 3366 2043 3413 Laelium
2066 3403 2077 3414 .
2098 3402 2109 3414 .
2131 3402 2143 3415 .
2160 3366 2235 3413 sic
2255 3364 2427 3422 audio,
2449 3370 2510 3412 ut

1501 3435 1747 3483 Plautum
1774 3433 1905 3481 mihi
1927 3439 2025 3482 aut
2042 3434 2303 3481 Naevium
2323 3432 2510 3481 videar

1504 3501 1693 3549 audire
1706 3517 1729 3556 ,⁰
1763 3516 1881 3549 sono
1917 3503 2019 3564 ips-o
2052 3504 2183 3550 vocis
2212 3503 2286 3550 ita
2315 3509 2442 3551 recto
2466 3509 2516 3550 et

1502 3567 1730 3629 simplici
1763 3575 1844 3625 est,
1881 3577 1941 3617 ut
1983 3570 2125 3619 nihil
2164 3572 2510 3620 ostentationis

1503 3641 1600 3682 aut
1643 3635 1951 3684 imitationis
2000 3637 2207 3702 adferre
2251 3635 2505 3685 videatur.

1569 3701 1885 3750 veteribus:
1924 3701 1988 3750 cf.
2017 3714 2093 3766 72.

1570 3774 1859 3815 mortuus:
1900 3779 1993 3815 nc.
2038 3781 2156 3829 2043
2212 3768 2380 3818 others
2418 3772 2513 3833 put

1504 3830 1542 3878 it
1564 3830 1704 3889 later,
1730 3847 1856 3880 even
1880 3832 1946 3895 by
1975 3845 2035 3880 10
2055 3849 2213 3896 years,

1570 3897 1781 3946 Varro:
1837 3909 1947 3962 205.
2022 3898 2133 3947 One
2179 3897 2240 3947 of
2276 3897 2356 3948 his
2393 3914 2518 3963 very
