2767 4334
1268 341 1556 395 BRUTUS.
1871 371 1878 376 -
2448 343 2510 396 23

305 504 652 569 intervallo
685 505 946 571 iudiciis
979 517 1458 589 repeterentur,
1491 517 1636 572 tum
1668 508 1951 590 primurn
1999 507 2209 594 [quod
2242 519 2422 573 esset

303 619 500 675 acuta
549 610 660 674 illa
706 632 874 694 gens
925 621 992 676 et
1044 622 1471 677 controversa
1516 611 1813 699 natura,]
1866 622 2076 677 artem
2127 623 2196 678 et
2244 635 2425 696 prae-

304 724 501 799 cepta
552 714 812 780 Siculos
861 716 1182 781 Coracem
1236 726 1303 781 et
1351 716 1606 781 Tisiam
1653 716 2151 800 conscripsisse.
2245 717 2422 782 Nam

303 830 503 885 antea
532 819 870 883 neminem
905 820 1175 884 solitum
1208 820 1313 884 via
1345 842 1469 886 nec
1506 831 1665 898 arte,
1702 822 1819 886 sed
1850 823 2164 886 adcurate
2195 831 2420 886 tamen

304 935 371 989 et
426 926 510 989 de
559 924 807 1007 scripto
860 924 1212 1008 plerosque
1266 926 1502 990 dicere.
1619 926 2051 1009 Scriptasque
2098 925 2307 990 fuisse
2352 936 2420 991 et

305 1039 566 1111 paratas
599 1049 639 1092 a
671 1031 1032 1113 Protagora
1062 1049 1283 1094 rerum
1316 1029 1697 1094 inlustrium
1724 1030 2229 1113 disputatione3‚
2252 1051 2421 1114 quae

304 1154 482 1198 nunc
535 1154 925 1198 communes
978 1134 1399 1217 appellantur
1448 1133 1593 1198 loci.
1714 1134 1911 1217 Quod
1959 1135 2133 1198 idem
2178 1134 2422 1199 fecisse
2452 1164 2510 1208 47

306 1237 642 1321 Gorgiam,
677 1259 876 1321 quern
910 1238 1318 1321 singularum
1352 1259 1573 1302 rerum
1618 1237 1847 1302 laudes
1878 1238 2422 1322 vituperationes-

303 1363 433 1425 que
453 1341 949 1425 conscripsisse,
974 1343 1150 1425 quod
1173 1342 1494 1407 iudicaret
1515 1343 1642 1407 hoc
1663 1342 1941 1406 oratoris
1963 1362 2113 1407 esse
2137 1343 2420 1407 maxime

303 1448 659 1530 proprium,
716 1467 856 1511 rem
909 1467 1155 1530 augere
1209 1466 1408 1530 posse
1467 1446 1796 1511 laudando
1848 1446 2419 1531 vituperandoque

303 1573 532 1616 rursus
564 1551 895 1635 adfligere.
977 1551 1155 1616 Huic
1187 1551 1687 1635 Antiphontem
1723 1551 2211 1615 Rhamnusium
2247 1551 2420 1617 simi-

302 1656 391 1720 lia
421 1657 745 1739 quaedam
776 1655 1089 1720 habuisse
1121 1655 1537 1738 conscripta;
1576 1676 1707 1739 quo
1739 1655 2074 1719 neminem
2107 1677 2418 1739 umquam

302 1760 539 1824 melius
571 1760 771 1824 ullam
805 1759 1096 1824 oravisse
1127 1759 1363 1843 capitis
1397 1781 1683 1836 causam,
1719 1781 1869 1824 cum
1903 1780 1976 1823 se
2008 1760 2151 1843 ipse
2197 1760 2421 1824 defen-

303 1865 509 1941 deret,
547 1884 619 1929 se
664 1863 995 1940 audiente,
1034 1863 1331 1947 locuples
1378 1874 1610 1929 auctor
1656 1864 1919 1947 scripsit
1966 1864 2412 1949 Thucydides

305 1970 480 2032 Nam
559 1968 831 2053 Lysiam
906 1968 1119 2051 primo
1180 1968 1477 2050 profiteri
1554 1968 1822 2032 solitum
1898 1968 2108 2032 artem
2193 1966 2412 2054 [esse]
2449 1987 2506 2041 48

302 2073 604 2151 dicendi3
651 2072 908 2149 deinde,
942 2074 1117 2156 quod
1150 2072 1541 2136 Theodorus
1574 2081 1753 2137 esset
1802 2072 1869 2135 in
1917 2082 2059 2136 arte
2093 2072 2414 2149 subtilior,

305 2178 373 2240 in
400 2176 809 2241 orationibus
833 2186 1058 2242 autem
1084 2176 1380 2252 ieiunior,
1406 2177 1739 2241 orationes
1765 2197 1917 2241 eum
1951 2176 2240 2241 scribere
2271 2176 2416 2240 aliis

369 2411 655 2476 tyrannis:
693 2412 1042 2476 Thrasydaeus
1058 2428 1160 2461 was
1178 2412 1307 2462 driv-
1472 2414 1542 2463 de
1569 2414 1809 2477 scripto:
1852 2414 1935 2461 the
1960 2414 2189 2479 opposite
2214 2413 2272 2462 of
2296 2414 2408 2462 sine

302 2495 367 2528 en
387 2479 515 2528 from
531 2478 864 2541 Agrigentum
885 2490 981 2528 Re.
999 2491 1098 2542 472
1106 2496 1121 2539 ;
1151 2479 1305 2527 Thra·
1406 2480 1590 2543 scripto
1604 2497 1627 2535 ,·
1663 2480 1724 2528 cf.
1752 2492 1862 2542 301.

301 2545 506 2609 sybulus
531 2544 660 2593 from
684 2545 926 2608 Syracuse
948 2557 1044 2594 Rc.
1062 2544 1176 2607 466.
1471 2559 1809 2594 communes
1854 2545 1996 2595 loci:
2060 2546 2119 2593 de
2169 2546 2285 2594 Inv.
2334 2545 2404 2593 II.

317 2640 323 2645 ·
368 2610 543 2674 longo
568 2611 892 2661 intervallo:
930 2611 1118 2660 here:
1139 2611 1302 2676 ‘aster
1412 2622 1486 2675 15.
1508 2610 1591 2672 48,
1616 2611 1737 2659 haec
1770 2628 1882 2676 ergo
1917 2619 2239 2675 argumenta,
2275 2628 2407 2676 quae

301 2693 334 2725 a
371 2677 494 2741 long
540 2675 779 2726 interval'
819 2677 878 2726 of
918 2677 1068 2737 time3
1124 2677 1189 2726 cf.
1232 2676 1308 2723 ad
1406 2678 1690 2742 transferri
1736 2679 1796 2726 in
1844 2678 2031 2726 multas
2076 2694 2254 2726 causas
2294 2686 2404 2741 pos-

300 2744 449 2792 Fam.
475 2744 586 2792 XV.
617 2756 691 2804 14.
718 2755 766 2802 2,
794 2750 855 2791 ut
872 2750 918 2792 te
942 2779 954 2792 .
981 2780 993 2792 .
1019 2780 1031 2792 .
1054 2750 1196 2791 tanto
1219 2743 1300 2791 in·
1405 2750 1542 2801 sunt,
1569 2744 1690 2791 locos
1724 2745 2007 2792 communis
2042 2744 2371 2791 nominamus
2382 2759 2405 2798 ‚·

300 2810 516 2858 tervallo
539 2809 761 2858 viderem
773 2825 799 2866 ‚·
830 2810 917 2857 Or.
944 2809 1023 2858 66.
1050 2821 1159 2857 222.
1406 2809 1465 2856 de
1495 2810 1584 2857 Or.
1622 2810 1720 2858 111.
1757 2821 1835 2873 27.
1874 2810 1998 2869 1063
2053 2810 2140 2857 Or.
2172 2809 2250 2871 36.
2281 2808 2397 2868 1263

371 2876 624 2925 iudiciis:
691 2875 744 2923 in
789 2875 987 2937 regular
1035 2881 1201 2924 courts
1251 2875 1310 2923 of
1407 2874 1578 2936 Quint.
1605 2876 1673 2923 11.
1696 2889 1744 2935 4.
1771 2888 1848 2923 22.

294 2941 496 3005 justice,
549 2941 863 3001 overridden,
921 2941 1009 2990 but
1065 2957 1179 2989 now
1228 2956 1303 2990 re·
1472 2953 1551 3004 47.
1588 2941 1787 2990 laudes
1814 2941 2404 3006 vituperationesque:

299 3007 485 3057 stored.
1407 3006 1577 3069 Quint.
1604 3007 1701 3055 III.
1725 3020 1773 3068 4.
1800 3019 1844 3071 5.

369 3081 768 3138 repeterentur,
792 3089 922 3122 were
945 3072 1232 3122 reclaimed.
1474 3072 1755 3134 adfligere,
1779 3072 1903 3120 dash
1926 3072 2088 3122 down.

370 3149 563 3190 acuta:
608 3139 669 3188 cf.
697 3140 758 3188 in
784 3140 928 3188 Verr.
952 3139 1022 3188 ΙΙ.
1047 3153 1094 3200 4.
1118 3152 1197 3201 43.
1223 3149 1304 3203 95,
1473 3139 1636 3188 huic:
1684 3138 1782 3187 dat.
1807 3138 1866 3186 of
1888 3140 2249 3204 compendious
2273 3154 2406 3186 com-

302 3221 591 3269 numquam
643 3213 749 3254 tam
798 3206 931 3253 male
978 3212 1049 3253 est
1098 3206 1305 3264 Siculis,
1408 3205 1632 3268 parison;
1673 3203 1736 3253 cs.
1761 3205 1820 3252 de
1840 3205 1933 3270 Off.
1954 3205 1995 3253 I.
2016 3217 2094 3267 30.
2121 3216 2227 3269 105,
2247 3221 2408 3268 quan-

301 3273 435 3337 quin
471 3272 685 3336 aliquid
696 3272 861 3335 facete
883 3278 931 3319 et
957 3272 1202 3319 commode
1235 3271 1307 3319 di·
1409 3277 1517 3318 tum
1546 3278 1743 3319 natura
1760 3271 1985 3319 hominis
1999 3270 2274 3333 pecudibus
2293 3271 2408 3317 reli—

300 3345 461 3393 cant,·
511 3338 578 3385 II.
605 3350 652 3400 3.
676 3336 724 3386 8.
749 3350 836 3397 203
891 3338 1035 3386 Tusc.
1070 3336 1111 3385 Ι.
1137 3336 1181 3385 8.
1213 3348 1297 3403 153
1409 3337 1620 3401 quisque
1642 3336 1799 3384 beluis
1821 3337 2114 3393 antecedat:
2161 3336 2218 3384 de
2250 3337 2338 3384 Or.
2365 3336 2406 3384 Ι.

300 3404 476 3465 Quint.
500 3403 590 3452 VI.
616 3416 664 3466 3.
687 3415 768 3464 41.
1407 3416 1454 3463 4.
1487 3413 1559 3466 15.

368 3469 641 3518 Coracem
699 3476 757 3518 et
813 3469 1061 3518 Tisiam:
1123 3468 1304 3517 named
1473 3482 1737 3517 causam:
1778 3468 1840 3517 cf.
1866 3467 2038 3530 Quint.
2065 3468 2163 3516 ΙΙΙ.
2196 3480 2236 3516 1.
2267 3480 2340 3516 11.

298 3535 547 3598 together,
571 3536 673 3584 and
697 3534 1084 3599 disparagingly,
1111 3535 1176 3598 by
1199 3536 1305 3582 An·
1473 3534 1867 3595 Thucydides:
1904 3534 2050 3582 VIII.
2077 3533 2155 3582 68.

297 3602 486 3662 tonius,
512 3602 571 3650 de
602 3602 691 3650 Or.
716 3601 758 3649 Ι.
787 3613 863 3649 20.
887 3613 969 3661 91.
1471 3599 1552 3660 48.
1588 3614 1752 3648 nam:
1803 3600 2004 3664 (Lysias
2044 3600 2085 3648 is
2124 3606 2212 3648 not
2253 3607 2305 3648 to
2345 3599 2408 3647 be

365 3669 477 3729 via,
502 3667 725 3716 method:
751 3666 960 3716 without
991 3665 1086 3729 adj.
1098 3684 1112 3726 ;
1145 3664 1206 3714 cf.
1241 3666 1304 3714 R.
1407 3667 1686 3714 accounted
1743 3682 1774 3714 a
1829 3666 2078 3714 technical
2122 3666 2284 3714 writer
2341 3681 2408 3712 on

304 3735 456 3798 1236;
497 3737 586 3784 Or.
606 3747 686 3797 33.
712 3734 818 3792 116,
839 3735 899 3782 in
922 3733 1154 3781 omnibus
1177 3747 1305 3796 quae
1409 3730 1668 3792 rhetoric,)
1679 3732 1775 3797 fhr
1792 3732 1830 3779 it
1846 3747 1948 3780 was
1972 3731 2090 3793 only
2109 3738 2158 3779 at
2183 3731 2283 3779 first
2303 3730 2409 3778 that

300 3803 506 3850 ratione
527 3801 772 3850 docentur
795 3807 844 3847 et
872 3800 961 3847 via
977 3815 1000 3855 ,·
1036 3798 1093 3845 de
1115 3799 1235 3845 Fin.
1262 3797 1303 3845 I.
1409 3797 1472 3845 he
1496 3797 1769 3861 professed,
1795 3803 1916 3845 etc.:
1955 3796 2017 3845 cf.
2046 3797 2153 3845 Pid.

300 3880 348 3929 9.
376 3880 464 3929 293
506 3866 569 3916 cf.
595 3866 768 3929 Quint.
795 3866 865 3914 II.
897 3878 970 3928 17.
995 3877 1073 3925 41.
1475 3877 1607 3911 eum
1631 3883 1679 3905 =
1708 3864 1960 3924 Lysiam.
