2767 4334
1274 359 1563 411 BRUTUS.

313 525 730 593 inventorem
759 526 934 591 bene
966 524 1050 590 de
1080 524 1349 589 nomine
1380 543 1461 589 ac
1492 521 1820 607 dignitate
1855 522 2084 608 populi
2127 525 2415 589 Romani

314 632 628 697 meritum
665 649 817 696 esse
852 628 1232 695 existimare
1265 629 1607 705 debemus,
1642 629 1821 693 hunc
1861 627 2126 694 facilem
2159 637 2227 694 et
2259 628 2419 693 coti-

314 736 587 800 dianum
633 734 900 801 novisse
945 752 1322 798 sermonem
1368 753 1548 796 nunc
1592 751 1713 816 pro
1750 731 1982 798 relicto
2024 743 2127 797 est
2172 733 2417 798 haben·

316 839 515 904 dum!

524 838 579 865 ”
671 840 846 903 Tum
880 838 1147 915 Brutus,
1188 836 1456 901 ‘Amice
1486 836 1794 914 hercule,'
1829 836 2064 921 inquit,
2100 843 2117 873 ‘

2136 846 2204 901 et
2241 858 2419 922 mag·
2432 896 2518 942 254

316 944 515 1009 nifice
571 952 643 1007 te
700 942 1038 1007 laudatum
1098 949 1280 1025 puto,
1332 961 1533 1025 quem
1592 960 1725 1004 non
1782 939 1994 1006 solum
2048 939 2413 1025 principem

317 1058 519 1133 atque
563 1031 980 1112 inventorem
1013 1045 1244 1129 copiae
1281 1043 1541 1123 dixerit,
1575 1065 1747 1130 quae
1783 1053 1926 1110 erat
1967 1064 2209 1129 magna
2248 1044 2411 1123 lauS,

320 1153 437 1218 sed
482 1151 685 1217 etiam
730 1151 903 1216 bene
947 1150 1258 1216 meritum
1306 1151 1391 1215 de
1435 1149 1662 1233 populi
1710 1149 2000 1215 Romani
2033 1149 2303 1214 nomine
2347 1160 2416 1216 et

317 1256 662 1340 dignitate.
742 1255 895 1339 Quo
926 1254 1103 1320 enim
1138 1274 1272 1319 uno
1295 1254 1726 1319 vincebamur
1748 1275 1788 1319 a
1809 1254 1987 1319 victa
2019 1253 2316 1331 Graecia,
2350 1254 2416 1318 id
2485 1313 2492 1326 ,

318 1370 433 1425 aut
465 1370 768 1444 ereptum
800 1358 931 1424 illis
962 1369 1066 1424 est
1097 1368 1211 1423 aut
1245 1367 1428 1423 certe
1465 1359 1660 1423 nobis
1698 1379 1849 1423 cum
1887 1358 2017 1423 illis
2058 1358 2440 1423 communi?
2473 1359 2534 1378 '’“
2573 1361 2610 1378 ’·

319 1474 562 1530 catum.
658 1464 860 1528 Hanc
893 1462 1159 1540 autem,'
1194 1463 1431 1547 inquit,
1470 1463 1782 1546 ‘gloriam
1822 1463 2415 1547 testimoniumque
2434 1490 2518 1537 255

322 1568 626 1634 Caesaris
670 1578 828 1633 tuae
871 1567 1139 1652 quidem
1189 1567 1658 1651 supplicationi
1703 1587 1858 1644 non,
1899 1568 2018 1632 sed
2063 1567 2418 1651 triumphis

321 1673 678 1739 multorum
753 1670 1129 1756 antepono.’

1254 1679 1271 1708 ‘
1298 1673 1389 1736 Et
1471 1681 1655 1736 recte
1738 1668 2048 1756 quidem,'
2126 1672 2415 1756 inquam,

324 1786 341 1815 ‘
360 1780 585 1855 Brute,
634 1778 830 1842 modo
879 1776 966 1842 sit
1013 1777 1140 1841 hoc
1188 1775 1497 1841 Caesaris
1550 1775 1792 1852 iudicii,
1845 1777 1981 1841 non
2025 1776 2420 1842 benevolen-

320 1882 455 1948 tiae
493 1879 972 1947 testimonium.
1069 1881 1227 1945 Plus
1267 1880 1447 1945 enim
1491 1889 1672 1946 certe
1712 1878 1937 1946 attulit
1978 1881 2135 1945 huic
2175 1881 2420 1964 populo

320 1985 685 2070 dignitatiS,
719 1985 1021 2069 quisquis
1067 1994 1172 2049 est
1210 1984 1340 2062 ille,
1375 1984 1432 2048 si
1461 1985 1660 2049 modo
1696 1993 1801 2050 est
1843 1983 2099 2068 aliquis,
2134 1984 2246 2068 qui
2284 2005 2418 2049 non

321 2090 698 2157 inlustravit
745 2090 960 2167 modo,
996 2090 1116 2154 sed
1161 2089 1363 2155 etiam
1405 2089 1640 2173 genuit
1680 2089 1750 2154 in
1788 2089 1912 2154 hac
1951 2090 2116 2154 urbe
2158 2090 2420 2154 dicendi

321 2291 366 2340 1.
389 2301 431 2340 1.
454 2300 505 2350 ις
546 2286 606 2339 de
628 2288 724 2356 (Ul
746 2286 790 2338 1.
814 2298 857 2340 1.
876 2298 923 2353 3,
943 2289 1046 2339 and
1070 2287 1325 2338 Holden's

322 2364 458 2406 note.

385 2424 535 2472 bene
557 2422 656 2472 de:
687 2420 764 2470 ad
778 2421 922 2470 Fam.
940 2420 1006 2470 X.
1029 2433 1074 2486 5.
1094 2433 1148 2481 23
1179 2420 1322 2470 Caes.

323 2489 388 2538 B.
421 2490 473 2537 C.
499 2488 542 2537 I.
571 2499 655 2551 133
700 2488 801 2536 III.
824 2499 907 2549 99.

388 2568 490 2631 pro
513 2554 734 2603 relicto·
774 2552 837 2603 cf.
865 2553 942 2601 ad
966 2554 1068 2602 Att.
1097 2552 1251 2603 XIII.
1280 2564 1324 2603 1.

325 2633 372 2680 2,
397 2621 523 2669 istuc
549 2620 656 2668 iam
681 2625 785 2683 pro
804 2618 946 2684 facto
965 2618 1150 2676 habeo:
1185 2619 1252 2668 X.
1275 2618 1323 2669 6.

324 2699 370 2749 3,
394 2694 497 2751 pro
528 2692 657 2735 certo
686 2685 938 2735 habemus.
1008 2685 1121 2735 Τὴε
1155 2685 1324 2734 clause

322 2752 440 2801 with
463 2751 697 2802 novisse
719 2752 762 2801 is
783 2766 815 2799 a
835 2750 963 2814 subj.
981 2751 1164 2801 clause.
1212 2751 1325 2801 The

322 2832 468 2868 sense
510 2832 671 2867 seems
709 2823 761 2866 to
802 2817 888 2875 be,
926 2818 1044 2866 ‘the
1091 2817 1326 2879 ordinary

323 2898 562 2947 accuracy
586 2883 645 2932 of
667 2898 804 2947 easy·
802 2884 961 2947 going
983 2883 1117 2947 daily
1138 2882 1325 2947 speech

323 2952 365 3000 is
396 2965 428 2999 a
461 2950 608 3013 thing
645 2965 713 2998 no
752 2950 931 3013 longer
965 2950 1019 2998 in
1059 2948 1324 3014 questionf

323 3033 354 3065 a
382 3017 567 3066 station
602 3032 731 3066 once
764 3016 881 3065 held
915 3031 971 3065 as
1005 3032 1074 3065 an
1105 3022 1324 3080 outpost,

324 3082 413 3132 but
450 3098 565 3132 now
599 3083 904 3132 abandoned
942 3083 1093 3132 and‘
1110 3081 1200 3131 left
1237 3082 1324 3172 he-

322 3149 480 3199 binde
547 3149 644 3200 See
668 3148 853 3198 textual
878 3155 1036 3198 notes.

391 3213 489 3269 78.
543 3226 656 3282 254.
707 3229 823 3279 quo
864 3228 1021 3265 uno.
1070 3229 1155 3263 see
1194 3169 1322 3264 Plut.

330 3282 429 3330 Cic.
452 3294 502 3344 4,
529 3280 611 3331 for
639 3296 707 3331 an
707 3229 987 3331 qanecdote
1021 3280 1080 3330 of
1106 3280 1298 3329 Cicero’
1300 3297 1325 3329 s

323 3347 525 3397 teacher
555 3347 716 3408 Molo,
738 3348 869 3407 who,
900 3361 968 3397 on
1003 3347 1215 3408 hearing
1246 3345 1326 3394 his

323 3413 466 3478 pupil
519 3412 750 3474 declaim,
799 3420 877 3463 sat
925 3413 1074 3462 silent
1123 3428 1154 3462 a
1202 3412 1326 3475 long

323 3480 460 3539 time,
497 3480 599 3529 and
638 3479 762 3529 then
800 3479 1067 3529 confessed
1105 3479 1215 3527 that
1258 3478 1325 3526 he

321 3545 737 3671 gactj‘yffim
750 3545 1028 3662 ὼξιιέἔά
1041 3542 1330 3688 ωῗῑζῃιὲἷ

322 3677 382 3725 of
420 3677 712 3742 eloquence‚
758 3677 848 3727 her
890 3677 998 3727 sole
1043 3676 1327 3739 remaining

321 3743 479 3806 glory,
511 3759 617 3793 was
654 3758 770 3793 now
801 3744 1045 3793 snatched
1085 3757 1240 3805 away.

386 3810 565 3865 vieta:
616 3809 680 3860 cf.
721 3810 849 3859 Hor.
885 3811 986 3873 Ep.
1022 3810 1094 3858 II.
1134 3822 1175 3858 1.
1214 3807 1323 3873 156,

331 3875 550 3926 Graecia
568 3882 713 3940 capta
723 3876 907 3943 serum
925 3876 1160 3925 victorem
1183 3875 1322 3939 cepit.

1491 2299 1603 2353 255.
1638 2286 1908 2352 gloriam·
1962 2287 2028 2338 cf.
2069 2300 2181 2351 239,
2222 2287 2424 2338 dicendi

1414 2354 1672 2418 gloriam,-
1730 2354 1967 2418 gloriam
2008 2356 2422 2405 testimonium·

1425 2434 1537 2484 que
1581 2434 1696 2483 may
1741 2421 1803 2469 be
1850 2420 2002 2470 taken
2046 2436 2103 2470 as
2146 2437 2178 2470 a
2220 2428 2325 2470 sort
2368 2420 2428 2469 os

1424 2486 1716 2548 hendiadys.

1424 2552 1895 2682 liesttggllzrpgtrssg
1910 2553 2181 2668 astvvglclrgs
2199 2552 2280 2667 {coir
2301 2553 2424 2684 ἓξὲξ

1423 2684 1491 2733 lic
1524 2698 1724 2748 prayer;
1776 2684 1842 2733 cf.
1882 2685 1944 2733 in
1985 2686 2091 2734 Cat.
2127 2685 2227 2733 ΙΙΙ.
2260 2685 2307 2735 6.
2347 2697 2422 2750 15,

1426 2751 1561 2815 quod
1575 2751 1708 2800 mihi
1718 2751 1958 2814 primum
1971 2757 2086 2814 post
2101 2751 2235 2800 hanc
2251 2750 2423 2799 urbem

1425 2817 1675 2865 conditam
1698 2822 1852 2880 togato
1874 2818 2080 2879 contigit
2088 2833 2112 2873 ,·
2146 2817 2257 2881 Juv.
2275 2817 2421 2865 VIII.

1428 2895 1538 2943 244,
1573 2884 1736 2931 Roma
1759 2889 1963 2946 patrem
1987 2884 2200 2946 patriae
2234 2883 2422 2932 Cicero-

1427 2964 1541 2997 nem
1564 2948 1723 2997 libera
1747 2949 1887 2997 dixit
1897 2965 1919 3004 ,·
1956 2950 2016 2997 in
2038 2950 2144 2998 Pis.
2174 2961 2220 3012 3.
2243 2948 2291 2998 6.

1491 3015 1825 3079 triumphis:
1880 3015 2096 3064 Cicero's
2139 3030 2238 3064 one
2277 3013 2425 3063 claim

1425 3078 1505 3130 for
1526 3096 1557 3130 a
1578 3081 1790 3144 military
1808 3081 2028 3145 triumph
2051 3080 2156 3144 (for
2171 3096 2425 3130 successes

1424 3147 1477 3196 in
1512 3147 1712 3211 Cilicia)
1751 3162 1853 3196 was
1887 3153 1977 3196 not
2010 3147 2236 3197 allowed.
2300 3147 2426 3196 This
2485 3148 2494 3154 '

1421 3213 1524 3277 just
1562 3213 1818 3263 reflection
1851 3230 1921 3264 on
1961 3214 2040 3262 his
2073 3214 2251 3276 higher
2282 3213 2424 3276 glory

1426 3295 1481 3329 as
1503 3295 1569 3328 an
1600 3288 1768 3329 orator
1788 3279 1949 3343 might
1973 3280 2086 3329 well
2119 3280 2247 3329 have
2282 3294 2426 3329 come

1427 3351 1479 3394 to
1502 3346 1608 3395 him
1638 3361 1669 3395 a
1696 3346 1794 3395 few
1814 3362 1959 3410 years
1986 3346 2177 3395 earlier.
2244 3345 2321 3395 Cf.
2345 3346 2426 3395 his

1424 3411 1571 3461 letter
1592 3419 1644 3460 to
1666 3412 1810 3471 Cato,
1834 3412 1910 3460 ad
1925 3413 2068 3461 Fam.
2093 3412 2204 3461 XV.
2227 3412 2275 3461 6.
2338 3413 2425 3462 He

1426 3479 1623 3528 needed
1669 3494 1699 3527 a
1742 3479 1960 3542 triumph
2007 3494 2075 3526 no
2118 3494 2257 3527 more
2302 3478 2426 3528 than

1426 3543 1611 3593 Daniel
1635 3544 1866 3594 Webster
1881 3544 2085 3594 ,needed
2109 3552 2162 3593 to
2184 3544 2249 3594 be
2273 3543 2427 3594 Presi-

1426 3611 1550 3660 dent
1572 3610 1632 3660 of
1648 3610 1734 3659 the
1757 3611 1946 3660 United
1970 3611 2148 3660 States.

1489 3677 1945 3727 benevolentiae:
1991 3689 2100 3737 190.

1492 3743 1717 3805 genuit:
1755 3741 1819 3791 cf.
1844 3741 1962 3792 Sen.
1985 3744 2084 3806 Ep.
2106 3754 2187 3804 40.
2218 3754 2292 3802 11,
2324 3742 2427 3791 Cic-

1426 3824 1510 3856 ero
1545 3824 1738 3872 quoque
1772 3815 1948 3868 noster,
1984 3824 2019 3856 a
2058 3824 2154 3872 quo
2188 3808 2426 3858 Romana

1426 3872 1705 3938 eloqicentia
1729 3873 1952 3923 exsiluit.

2423 359 2517 410 123

2442 816 2515 871 73
