2767 4334
1321 328 1610 381 BRUTUS.
1627 313 1631 317 ’
2530 331 2560 385 5

358 492 572 576 magis
633 492 762 558 alia
818 493 1126 577 lugenda,
1182 502 1407 558 tamen
1463 494 1589 559 hoc
1643 493 2035 574 doleremuS,
2092 497 2286 581 quod,
2342 518 2473 581 quo

356 604 657 680 tempore
703 605 888 661 aetas
934 607 1164 662 nostra
1207 597 1561 680 perfuncta
1606 598 1807 663 rebus
1853 599 2281 683 amplissimis
2312 611 2474 665 tam·

357 720 554 784 quam
604 701 671 765 in
718 710 984 784 portum
1032 701 1395 784 confugere
1436 703 1727 779 deberet,
1763 724 1897 767 non
1945 704 2223 770 inertiae
2254 727 2470 791 neque

361 803 672 882 desidiae,
719 806 836 870 sed
882 806 1001 869 otii
1048 806 1370 870 moderati
1417 817 1617 890 atque
1664 809 1947 885 honesti,
1997 830 2281 893 cumque
2326 810 2473 893 ipsa

357 910 571 974 oratio
618 910 748 974 iam
796 921 1024 975 nostra
1066 921 1449 976 canesceret
1482 912 1890 996 haberetque
1921 935 2107 978 suam
2141 917 2469 997 quandam

358 1014 810 1080 maturitatem
863 1024 932 1080 et
984 1015 1172 1099 quasi
1234 1026 1671 1094 senectutem,
1726 1027 1869 1081 tum
1931 1039 2113 1082 arma
2174 1029 2332 1083 sunt
2393 1039 2472 1084 ea

359 1130 645 1204 sumpta,
681 1121 923 1205 quibus
970 1120 1063 1184 illi
1109 1120 1254 1203 ipsi,
1296 1120 1409 1204 qui
1456 1120 1828 1186 didicerant
1874 1122 1972 1186 eis
2018 1123 2116 1185 uti
2163 1122 2466 1206 gloriose,

357 1244 554 1307 quem
601 1225 684 1289 ad
730 1225 997 1289 modum
1046 1224 1424 1289 salutariter
1457 1235 1804 1290 uterentur
1842 1247 1976 1290 non
2024 1227 2474 1315 reperiebant.

359 1329 595 1413 Itaque
637 1328 699 1394 ei
739 1328 903 1393 mihi
933 1328 1245 1393 videntur
1274 1329 1615 1394 fortunate
1666 1331 1991 1415 beateque
2023 1331 2268 1395 vixisse
2316 1353 2467 1396 cum
2499 1362 2529 1405 9

353 1433 421 1496 in
470 1433 711 1498 ceteris
753 1433 1136 1498 civitatibus
1168 1443 1311 1498 tum
1346 1433 1632 1498 maxime
1664 1433 1732 1497 in
1765 1444 2011 1512 nostra,
2045 1436 2283 1518 quibus
2316 1457 2465 1501 cum

352 1538 748 1602 auctoritate
794 1558 1146 1621 rerumque
1192 1548 1533 1621 gestarum
1565 1538 1775 1622 gloria
1805 1549 1947 1603 tum
1981 1539 2181 1604 etiam
2216 1540 2471 1623 sapien-

351 1642 485 1707 tiae
517 1642 711 1707 laude
742 1639 992 1726 perfrui
1022 1642 1251 1720 licuit3
1297 1664 1577 1726 quorum
1622 1644 1940 1707 memoria
1984 1645 2468 1734 etnrecordatio
2514 1673 2532 1686 ·

350 1746 420 1810 in
445 1746 749 1811 maximis
774 1746 1023 1811 nostris
1048 1746 1594 1832 gravissimisque
1618 1747 1794 1812 curis
1821 1747 2110 1813 iucunda
2133 1770 2292 1813 sane
2316 1749 2463 1825 fuit,

326 1871 500 1963 §cum
533 1850 601 1915 in
634 1871 779 1916 eam
812 1871 1026 1934 nuper
1055 1870 1139 1915 ex
1172 1871 1478 1915 sermone
1509 1852 1796 1934 quodam
1829 1852 2314 1919 incidissemus.

300 1928 381 1979 “
438 1955 614 2019 Nam
678 1976 830 2019 cum
892 1953 1372 2019 inambularem
1436 1954 1505 2018 in
1566 1966 1763 2041 xysto
1818 1965 1885 2020 et
1939 1976 2156 2021 essem
2212 1957 2464 2022 otiosus
2501 1938 2556 2050 30

348 2058 546 2136 domi,
598 2060 689 2124 M.
739 2059 824 2123 ad
870 2079 977 2123 me
1025 2059 1293 2136 BrutuS,
1341 2069 1415 2123 ut
1462 2069 1917 2136 consueverat,
1953 2081 2105 2124 cum
2150 2062 2228 2126 T.
2283 2063 2468 2125 Pom-

347 2162 547 2246 ponio
577 2172 869 2240 venerat,
905 2162 1210 2228 homines
1244 2184 1396 2228 cum
1430 2163 1606 2227 inter
1637 2184 1709 2228 se
1741 2163 2079 2229 coniuncti
2111 2174 2255 2230 tum
2303 2167 2465 2230 mihi

413 2398 765 2450 doleremus:
790 2398 1084 2463 expressing
1100 2398 1350 2463 poignant
1451 2399 1610 2459 villas,
1633 2398 1724 2449 but
1746 2406 1798 2449 at
1823 2400 2008 2460 Rome3
2040 2399 2105 2450 cf.
2129 2413 2242 2464 300,
2268 2401 2328 2451 in
2360 2404 2454 2451 Cu·

345 2465 488 2528 grief,
522 2464 689 2514 which
729 2464 892 2528 might
935 2464 999 2513 be
1036 2465 1261 2528 wanting
1294 2465 1349 2514 in
1453 2481 1606 2514 mano
1624 2466 1795 2514 autin
1822 2466 2116 2516 Tusculano
2132 2467 2451 2532 aliquando,-

346 2531 531 2593 lugere.
1453 2544 1540 2589 203
1584 2544 1663 2593 24.
1688 2547 1738 2580 n.

413 2598 670 2646 deberet:
694 2595 917 2660 subjunc.
935 2596 1058 2646 after
1077 2610 1192 2659 quo
1208 2604 1346 2646 tem·
1519 2598 1636 2647 M.
1700 2597 1983 2647 .:Bmtus
2023 2596 2099 2647 for
2123 2599 2208 2648 the
2238 2598 2453 2664 interpo-

346 2676 501 2727 pore,
527 2678 581 2711 as
604 2662 656 2711 in
680 2663 764 2711 the
788 2669 905 2711 next
929 2661 1119 2711 clauses
1149 2676 1348 2712 canes-
1448 2662 1606 2712 lation
1630 2662 1689 2712 of
1708 2664 1910 2712 words'
1896 2679 1950 2712 in
1972 2679 2154 2728 proper
2178 2680 2363 2724 names,
2387 2665 2450 2715 cs.

345 2736 496 2778 ceret
518 2727 620 2777 and
648 2728 879 2778 haberet
901 2727 1027 2777 after
1049 2741 1198 2778 curn.
1451 2741 1538 2794 543
1582 2740 1668 2794 573
1712 2730 1801 2791 96;
1850 2729 1965 2790 1063
2008 2742 2441 2794 ¹3513732223

411 2801 765 2844 canesceret:
811 2794 982 2856 Quint.
1031 2794 1124 2843 XI.
1177 2807 1220 2844 1.
1267 2806 1346 2857 31,
1450 2807 1569 2858 2473
1615 2794 1800 2856 268-9;
1846 2795 1903 2843 de
1946 2766 2033 2844 Or.
2071 2796 2114 2844 Ι.
2155 2808 2229 2845 10.
2263 2810 2357 2858 403
2406 2798 2448 2845 Ι.

350 2859 689 2925 [eloquentiae
700 2859 891 2924 genus]
914 2868 1145 2923 pressum
1164 2867 1212 2908 et
1227 2861 1347 2908 mite
1450 2860 1668 2924 36.166.
1734 2861 1843 2910 The
1880 2860 2212 2926 interpolated
2236 2864 2374 2911 word
2407 2863 2450 2912 is

345 2934 392 2975 et
413 2927 655 2976 limatum
701 2932 749 2975 et
778 2926 930 2990 quale
976 2926 1201 2989 intellegi
1235 2926 1351 2976 vult
1448 2927 1640 2990 usually
1687 2920 2024 2990 conjunctive3
2089 2928 2206 2990 only
2254 2944 2351 2977 one
2397 2929 2455 2977 os

353 2994 538 3052 Cicero,
585 3008 700 3040 cum
746 2993 877 3041 dicit
916 2993 1198 3040 orationem
1249 3008 1345 3040 coe·
1449 2992 1535 3041 the
1569 2993 1736 3057 places
1771 2993 1902 3042 cited
1944 2993 2029 3056 (de
2065 2995 2156 3043 Or.
2181 2995 2224 3043 Ι.
2254 3007 2328 3043 10.
2351 2995 2444 3057 40)

339 3059 471 3121 pisse
493 3074 762 3107 canescere.
1448 3058 1540 3107 has
1573 3075 1604 3107 a
1636 3075 1884 3124 pronoun.
1956 3060 2055 3108 For
2092 3059 2176 3109 the
2204 3060 2449 3122 breaking

412 3123 518 3174 ini:
556 3124 665 3183 viz„
689 3125 853 3173 Caesar
876 3123 977 3173 and
1002 3124 1238 3188 Pompey.
1448 3124 1507 3172 of
1535 3125 1677 3173 other
1701 3125 1883 3188 closely
1903 3124 2098 3189 jointed
2122 3126 2341 3189 phrases,
2365 3142 2448 3175 see

410 3202 458 3252 9.
494 3190 740 3239 maxime
782 3191 841 3239 in
881 3198 1105 3240 nostra:
1164 3204 1219 3238 as
1260 3189 1345 3238 the
1448 3189 1495 3249 8,
1514 3192 1678 3239 oratio
1703 3192 1810 3239 iam
1833 3198 2045 3248 nostra,·
2077 3205 2151 3250 11,
2171 3208 2239 3251 eo,
2259 3193 2448 3256 inquit,

345 3262 560 3317 greatest
582 3255 976 3305 and·worthiest.
1448 3255 1524 3304 ad
1537 3263 1582 3304 te
1603 3258 1816 3317 animm
1860 3269 1935 3316 12,
1938 3258 2181 3334 populus
2192 3274 2240 3306 se
2261 3259 2449 3306 Roma-

412 3321 751 3386 sapientiae:
781 3323 856 3370 i.e.
877 3321 1100 3386 political
1117 3321 1344 3371 wisdom.
1449 3338 1586 3379 nus:
1631 3335 1713 3384 91,
1750 3323 1885 3387 quid
1924 3323 2107 3387 figitur,
2158 3324 2348 3386 inquit,
2382 3331 2454 3372 est

411 3401 512 3451 per
538 3386 698 3451 (frui)
720 3405 732 3436 ε
760 3387 994 3450 through,
1019 3393 1072 3435 to
1097 3387 1181 3435 the
1205 3388 1320 3436 end.
1446 3388 2234 3453 causae‚Brutus,·126,quam
2261 3390 2347 3437 ille
2361 3391 2449 3455 fa-

412 3453 687 3503 memoria
703 3453 912 3513 retains3
941 3453 1250 3502 recordatio
1268 3468 1342 3501 re·
1447 3454 1568 3510 cile,·
1603 3467 1715 3517 332,
1740 3471 1805 3503 ex
1835 3471 1910 3514 ea,
1935 3470 2089 3518 quam
2124 3471 2204 3518 ego
2237 3457 2450 3519 congessi

344 3518 480 3568 calls.
1449 3521 1509 3569 in
1531 3521 1671 3569 hunc
1691 3536 1988 3579 sermonem,
2012 3521 2197 3578 turba,·
2231 3528 2325 3570 etc.

408 3583 472 3638 8.
503 3597 576 3634 ιο.
612 3593 807 3647 xysto:
847 3601 1005 3650 open;
1047 3592 1137 3634 not
1171 3601 1203 3634 a
1236 3601 1346 3634 cov-
1512 3594 1771 3635 venerat.
1831 3586 2022 3649 usually
2073 3556 2336 3650 explained
2393 3602 2448 3635 as

344 3651 464 3700 cred
498 3651 794 3711 colonnade,
817 3666 874 3700 as
907 3650 992 3700 the
1013 3652 1152 3700 word
1176 3657 1345 3701 meant
1445 3651 1584 3716 plup.
1608 3651 1730 3701 with
1764 3651 2017 3702 reference
2052 3657 2105 3701 to
2130 3651 2214 3700 the
2242 3668 2447 3701 conver·

342 3716 464 3764 with
488 3717 574 3764 the
597 3716 814 3775 Greeks;
855 3717 1048 3767 Vitruv.
1070 3717 1162 3766 VI.
1190 3728 1234 3781 7.
1259 3729 1305 3782 5.
1446 3718 1609 3766 sation
1650 3717 1847 3781 (nuper
1873 3734 1936 3765 ex
1961 3732 2204 3777 sermone,
2229 3717 2287 3782 9)
2301 3736 2316 3779 ;
2359 3719 2448 3767 but

410 3782 596 3832 domi:
634 3781 757 3831 with
792 3782 916 3831 both
954 3781 1037 3832 the
1071 3782 1345 3847 preceding
1446 3799 1530 3831 see
1554 3783 1738 3832 textual
1762 3789 1921 3834 notes.

343 3847 550 3897 clauses.
618 3849 725 3897 Not
745 3854 798 3898 at
820 3864 919 3898 one
937 3847 995 3897 of
1022 3848 1102 3897 his
1136 3854 1345 3912 country
1511 3849 1805 3901 homines:
1855 3850 1931 3898 for
1970 3853 2191 3901 concord
2231 3853 2288 3902 of
2330 3855 2430 3902 this
