2767 4334
254 342 347 395 1³2

254 1527 328 1583 79

251 1608 338 1654 273

1213 341 1485 394 CICERO.

351 507 590 585 tando;
635 507 859 591 itaque
890 515 1115 571 tantos
1147 526 1498 590 processus
1531 504 1880 583 efficiebat,
1907 515 1980 570 ut
2014 485 2298 582 evolare,⁴
2322 525 2461 569 non

352 632 698 677 excurrere
742 611 1099 687 videretur,
1149 619 1424 694 eratque
1469 611 1823 675 verborum
1871 619 1939 675 et
1984 610 2284 675 delectus
2330 599 2483 674 ele?

350 738 520 802 gans
581 725 649 781 et
708 724 868 799 apta
925 724 994 780 et
1055 714 1243 799 quasi
1302 714 1592 780 rotunda
1648 714 2059 780 constructio
2077 736 2094 793 ;
2168 735 2458 798 cumque

350 830 748 905 argumenta
791 818 1342 903 excogitabantur
1380 819 1466 884 ab
1504 840 1585 884 eo
1625 819 1839 884 multa
1874 828 1943 884 et
1978 820 2170 883 firma
2197 819 2282 883 ad
2311 839 2460 902 pro·

351 925 640 990 bandum
672 933 816 989 turn
849 919 1216 988 concinnae
1241 933 1612 1007 acutaeque
1638 923 2044 1002 sententiae;
2088 931 2456 1007 gestusque

351 1038 589 1093 natura
633 1028 728 1093 ita
769 1036 1117 1103 venustuS,
1166 1035 1239 1091 ut
1287 1048 1394 1092 ars
1442 1028 1663 1105 etiam,
1711 1048 1883 1111 quae
1926 1048 2061 1092 non
2107 1035 2266 1102 erat,
2300 1037 2372 1092 et
2417 1048 2457 1090 e

351 1132 701 1216 disciplina
730 1141 952 1196 motus
985 1131 1254 1215 quidam
1283 1132 1624 1197 videretur
1654 1131 1988 1197 accedere.
2082 1132 2339 1197 Vereor
2371 1152 2458 1195 ne

351 1256 575 1301 amore
620 1236 847 1300 videar
892 1235 1082 1319 plura
1127 1256 1325 1320 quarn
1374 1236 1627 1301 fuerint
1674 1235 1743 1300 in
1792 1236 1904 1301 illo
1951 1236 2216 1313 dicere;
2275 1238 2457 1319 quod

353 1359 488 1403 non
519 1339 614 1403 ita
644 1350 766 1405 est.
840 1338 1001 1404 Alia
1031 1339 1209 1404 enim
1242 1341 1326 1404 de
1357 1340 1470 1404 illo
1500 1340 1749 1405 maiora
1777 1340 1906 1405 dici
1936 1349 2252 1423 possunt;
2299 1360 2457 1403 nam

353 1463 478 1508 nec
500 1442 914 1508 continentia
936 1464 1061 1509 nec
1085 1443 1341 1528 pietate
1365 1464 1492 1509 nec
1516 1444 1650 1508 ullo
1673 1464 1919 1528 genere
1942 1444 2209 1508 virtutis
2232 1464 2459 1528 quem-

361 1568 559 1632 quam
591 1548 890 1613 eiusdem
922 1548 1162 1614 aetatis
1194 1569 1346 1613 curn
1380 1548 1492 1613 illo
1523 1548 2001 1613 conferendum
2032 1556 2210 1632 puto,
2308 1549 2457 1613 Nec

353 1673 512 1718 vero
558 1653 649 1717 M.
704 1652 1005 1718 Caelium
1053 1654 1613 1736 praetereundum
1659 1653 1958 1728 arbitror,
1998 1673 2459 1737 quaecumque

354 1758 497 1822 eius
543 1756 612 1820 in
659 1756 843 1821 exitu
887 1756 993 1821 vel
1038 1755 1311 1821 fortuna
1353 1756 1461 1821 vel
1521 1776 1710 1821 mens
1755 1755 1920 1834 fuit;
1980 1756 2092 1840 qui
2138 1756 2457 1840 quamdiu

354 1860 735 1926 auctoritati
794 1880 985 1926 meae
1045 1860 1285 1944 paruit,
1338 1860 1490 1925 talis
1551 1860 1859 1925 tribunus
1918 1860 2134 1944 plebis
2191 1860 2321 1925 fuit
2382 1870 2459 1926 ut

354 1985 553 2030 nemo
612 1973 848 2029 contra
905 1964 1148 2029 civium
1209 1965 1619 2048 perditorum
1679 1964 2065 2048 popularem
2119 1965 2462 2031 turbulen-

355 2079 626 2153 tamque
651 2068 1056 2133 dementiam
1088 2089 1128 2132 a
1159 2078 1396 2132 senatu
1436 2078 1503 2133 et
1536 2088 1576 2131 a
1605 2069 1927 2133 bonorum
1961 2088 2162 2133 causa
2189 2069 2461 2133 steterit

355 2173 774 2239 constantius
797 2194 811 2250 ;
842 2193 1039 2255 quam
1065 2171 1207 2237 eius
1231 2173 1565 2237 actionem
1592 2172 1875 2236 multum
1898 2181 2126 2237 tamen
2151 2181 2219 2236 et
2244 2172 2464 2256 splen-

356 2277 511 2342 dida
541 2287 609 2342 et
641 2277 911 2360 grandis
944 2287 1012 2341 et
1045 2276 1278 2341 eadem
1318 2277 1387 2341 in
1429 2276 1662 2360 primis
1702 2276 1926 2342 faceta
1970 2286 2039 2341 et
2085 2277 2465 2359 perurbana

357 2381 863 2447 commendabat
926 2381 1153 2448 oratio,
1279 2381 1534 2446 Graves
1596 2380 1739 2445 eius
1801 2381 2149 2446 contiones
2208 2380 2462 2464 aliquot

356 2486 650 2562 fuerunt,
692 2504 879 2549 acres
931 2485 1394 2550 accusationes
1446 2495 1584 2550 tres
1639 2505 1888 2568 eaeque
1942 2505 2176 2549 omnes
2231 2504 2313 2549 ex
2366 2486 2464 2549 rei

357 2589 662 2673 publicae
721 2588 1155 2655 contentione
1202 2599 1596 2673 susceptae:
1656 2588 2107 2667 defensiones,
2157 2589 2286 2654 etsi
2348 2589 2465 2653 illa

363 2804 437 2861 pr
500 2795 695 2860 inquus
726 2792 883 2858 being
916 2793 976 2844 L.
1011 2793 1144 2855 Piso,
1178 2796 1355 2845 consul
1531 2791 1629 2851 79.
1656 2806 1767 2860 273.
1789 2795 1985 2846 exitu:
2013 2794 2140 2845 after
2156 2794 2310 2858 being
2324 2809 2464 2844 com·

357 2862 418 2911 of
522 2868 542 2910 t
562 2876 696 2925 year,
709 2861 877 2910 whom
894 2861 1072 2911 Cicero
1090 2862 1356 2912 afterward
1460 2860 1630 2927 pelled
1661 2868 1715 2910 to
1749 2861 1842 2911 flee
1876 2861 2009 2911 from
2043 2862 2204 2911 Rome
2237 2861 2314 2910 for
2336 2875 2464 2926 prae·

356 2927 567 2978 scathed
599 2926 654 2976 in
685 2927 771 2976 the
795 2927 993 2977 oration
1019 2930 1077 2978 in
1101 2929 1355 2988 Pisonem,
1460 2927 1609 2977 torial
1654 2926 2172 2987 maladministration,
2218 2928 2283 2976 he
2327 2935 2467 2977 went

357 3010 414 3043 as
434 2991 550 3044 well
572 3008 629 3043 as
651 2993 706 3042 iu
738 2994 824 3043 the
853 2994 1028 3044 earlier
1052 2995 1110 3044 de
1129 2994 1354 3044 Provin-
1460 2999 1515 3043 to
1540 2992 1651 3057 join
1685 2994 1811 3044 Milo
1841 2994 1897 3043 in
1926 2994 2128 3058 stit-ring
2163 3010 2231 3059 up
2266 2995 2465 3044 trouble

357 3061 452 3110 ciis
482 3061 862 3111 Consularibus.
1459 3060 1515 3109 in
1537 3060 1779 3109 southern
1802 3059 1950 3125 Italy,
1972 3061 2077 3111 and
2098 3075 2202 3110 was
2222 3059 2379 3111 killed
2410 3068 2467 3110 at

423 3140 752 3192 processus,
769 3135 1000 3192 progress
1015 3141 1037 3176 .·
1073 3137 1186 3190 232.
1460 3125 1651 3176 Thurii.

313 3240 319 3245 .
424 3206 744 3244 excurreret
800 3193 887 3242 the
931 3208 1072 3257 prep.
1115 3192 1170 3242 in
1213 3191 1355 3242 these
1528 3206 1590 3242 a:
1634 3192 1745 3242 161.
1767 3207 1821 3242 n.

358 3265 458 3308 two
501 3260 668 3309 words
682 3280 733 3303 =
753 3263 768 3287 ‘
783 3258 999 3309 fot-ward
1013 3260 1051 3319 ’ς
1104 3258 1182 3308 for
1226 3272 1356 3309 evo·
1501 3272 1735 3321 .quam=
1766 3258 1976 3324 im1>lied
1997 3258 2051 3307 in
2075 3257 2161 3308 the
2182 3256 2362 3308 stanch
2378 3274 2469 3323 op-

358 3324 491 3385 lare,
514 3324 579 3375 cf.
595 3325 656 3375 de
681 3326 772 3375 Or.
791 3326 864 3375 11.
884 3338 964 3391 52·
985 3337 1097 3387 209,
1123 3325 1363 3374 invident
1462 3324 1684 3389 position
1703 3323 1807 3387 just
1829 3325 2135 3374 mentioned.

356 3396 530 3440 autem
583 3390 810 3441 homines
863 3392 1091 3441 maxime
1134 3391 1361 3455 paribus
1530 3398 1753 3440 tamen:
1793 3411 1844 3433 =
1869 3394 1884 3417 ⁴
1899 3390 2003 3439 still
2036 3392 2207 3450 more,’
2235 3397 2288 3440 to
2326 3406 2467 3440 com·

356 3462 457 3506 aut
498 3457 854 3523 inferioribus,
899 3474 1016 3506 cum
1064 3473 1114 3506 se
1163 3457 1362 3506 relictos
1463 3455 1599 3521 plete
1626 3455 1713 3505 the
1738 3463 1969 3507 account.

355 3523 604 3583 sentiunt,
629 3524 739 3572 illos
760 3532 928 3573 autem
951 3524 1117 3573 dolent
1135 3523 1359 3572 evolasse.
1532 3523 1880 3587 perurbana:
1917 3522 1981 3573 cf.
2004 3522 2178 3586 Quint.
2200 3522 2266 3572 X.
2290 3534 2330 3571 1.
2356 3534 2468 3587 115.

424 3590 695 3639 rotundae
732 3590 820 3639 Or.
851 3602 1028 3653 13.4o;
1067 3590 1198 3639 Hor.
1215 3591 1280 3638 A.
1295 3589 1357 3638 P.
1531 3589 1928 3640 contentione:
1964 3610 2015 3633 =
2038 3589 2284 3655 sealfhm·
2319 3587 2385 3637 cf.
2408 3589 2472 3637 de

359 3666 475 3716 323,
504 3655 688 3704 Graiis
704 3656 843 3704 dedit
855 3671 941 3705 ore
959 3654 1178 3705 rotundo
1193 3656 1355 3705 Musa
1472 3655 1566 3722 Off
1589 3655 1632 3705 1.
1658 3668 1735 3721 25.
1762 3654 1842 3719 87,
1877 3655 2086 3705 ambitio
2116 3655 2473 3719 honorumque

358 3720 513 3782 loqui.
1465 3723 1712 3771 contentio
1729 3739 1750 3777 ‚·
1786 3720 1961 3785 Quint.
1985 3721 2073 3770 1v.
2094 3732 2139 3786 5.
2168 3732 2244 3780 12,
2269 3721 2330 3770 in
2353 3737 2471 3770 con-

425 3783 686 3833 eiusdem
721 3785 953 3835 aetatisz
1000 3806 1050 3829 =
1085 3793 1356 3851 contempo-
1464 3788 1686 3838 tentione
1709 3789 1994 3851 dignitati&

361 3861 508 3907 ’'ary-
1531 3853 1932 3905 defensionem
1968 3853 2142 3919 Quint.
2175 3852 2267 3903 VI.
2303 3865 2351 3918 3.
2386 3853 2471 3917 69,
