2767 4334
1301 362 1592 414 BRUTUS.
2454 360 2547 415 105

343 530 509 596 tium
542 538 930 615 quaereret;
976 526 1091 614 qui
1131 525 1202 592 in
1232 525 1478 593 iudicio
1519 526 1778 611 privato
1807 525 1914 591 vel
1955 526 2257 605 maximo,
2293 547 2445 592 cum

345 654 471 718 ego
502 654 622 718 pro
652 632 907 698 Titinia
942 632 1185 697 Cottae
1220 631 1722 716 peroravissem,
1755 629 1867 696 ille
1904 641 2140 696 contra
2178 651 2288 696 me
2327 651 2448 716 pro

346 738 488 803 Ser.
542 737 800 804 Naevio
853 736 1122 814 diceret,
1173 736 1398 801 subito
1450 745 1663 801 totam
1718 755 1987 801 causam
2040 735 2290 801 oblitus
2342 745 2446 801 est

345 842 545 927 idque
567 841 907 907 veneficiis
932 850 1001 906 et
1033 840 1457 907 cantionibus
1489 839 1783 906 Titiniae
1812 840 2065 905 factum
2097 861 2247 907 esse
2278 842 2449 906 dice-

345 947 482 1011 bat.
574 947 827 1030 Magna
872 947 1038 1010 haec
1085 946 1494 1012 immemoris
1539 946 1793 1031 ingenii
1840 946 2033 1030 signa
2055 968 2071 1025 ;
2119 948 2237 1013 sed
2283 946 2447 1012 nihil
2463 967 2548 1012 218

349 1051 608 1135 turpius
645 1072 842 1135 quam
874 1052 1051 1136 quod
1089 1051 1290 1117 etiam
1329 1051 1400 1116 in
1432 1051 1702 1136 scriptis
1731 1051 2244 1117 obliviscebatur
2287 1054 2446 1138 quid

347 1158 545 1242 paulo
581 1167 740 1223 ante
776 1156 1129 1240 posuisset,
1165 1167 1238 1222 ut
1280 1157 1349 1221 in
1388 1178 1469 1222 eo
1504 1156 1692 1235 libro,
1727 1157 1843 1222 ubi
1887 1177 1963 1224 se
2007 1167 2362 1224 exeuntem
2409 1179 2447 1223 e

350 1271 588 1328 senatu
620 1272 689 1328 et
727 1283 878 1328 cum
927 1262 1142 1327 Pansa
1177 1271 1407 1326 nostro
1443 1271 1511 1326 et
1554 1282 1706 1327 cum
1744 1265 2034 1329 Curione
2065 1265 2200 1328 filio
2234 1261 2449 1329 conlo-

348 1376 664 1451 quentem
702 1366 882 1443 facit,
925 1364 1112 1452 [cum
1145 1376 1454 1432 senatum
1489 1365 1738 1431 Caesar
1768 1365 2000 1431 consul
2039 1366 2440 1454 habuisset‚]

346 1472 695 1555 omnisque
727 1470 837 1535 ille
875 1490 1095 1536 sermo
1125 1471 1367 1536 ductus
1400 1480 1503 1536 est
1536 1491 1575 1543 e
1605 1471 2109 1555 percontatione
2141 1471 2259 1536 filii
2289 1472 2447 1556 quid

347 1576 416 1639 in
459 1584 697 1641 senatu
738 1585 918 1640 esset
956 1584 1223 1654 actum;
1268 1575 1338 1639 in
1375 1596 1508 1659 quo
1549 1574 1780 1641 multis
1824 1575 2049 1640 verbis
2086 1596 2238 1641 cum
2276 1575 2451 1641 inve·

347 1682 620 1745 heretur
671 1680 740 1744 in
791 1679 1146 1745 Caesarem
1176 1679 1427 1756 Curio,
1484 1678 1982 1764 disputatioque
2041 1691 2221 1746 esset
2275 1680 2451 1745 inter

346 1805 482 1862 θος,
532 1793 607 1849 ut
660 1793 766 1850 est
815 1784 1232 1850 consuetudo
1284 1783 1717 1867 dialogorum,
1774 1805 1925 1850 cum
1987 1804 2207 1850 sermo
2267 1794 2447 1851 esset

346 1887 698 1954 institutus
751 1898 990 1954 senatu
1042 1888 1268 1965 misso,
1319 1908 1517 1972 quern
1573 1895 1880 1953 senatum
1924 1887 2173 1954 Caesar
2215 1889 2450 1955 consul

347 1993 712 2070 habuisset,
763 1991 1192 2076 reprehendit
1237 2012 1350 2057 eas
1397 2012 1504 2057 res
1549 2013 1713 2076 quas
1759 1991 1934 2058 idem
1984 1993 2231 2059 Caesar
2273 2014 2450 2058 anno

347 2107 499 2180 post
541 2106 609 2162 et
656 2096 973 2180 deinceps
1012 2095 1282 2180 reliquis
1319 2095 1514 2162 annis
1546 2096 2034 2162 administravit
2081 2097 2150 2161 in
2189 2096 2445 2162 Gallia.'

348 2202 521 2266 Tum
574 2202 822 2266 Brutus
870 2200 1222 2278 admiranS,
1280 2202 1695 2266 ‘Tantamne
1744 2197 1956 2266 fuisse
2001 2200 2443 2280 oblivionem‚'
2468 2181 2555 2307 ἐξ

350 2305 583 2389 inquit,
615 2312 632 2341 ‘
655 2305 723 2368 in
761 2305 1012 2389 scripto
1024 2304 1460 2400 praesertim,
1492 2313 1568 2370 ut
1606 2325 1693 2370 ne
1730 2303 1966 2389 legens
2002 2305 2268 2390 quidem
2315 2327 2452 2371 um-

349 2429 545 2492 quam
598 2409 886 2474 senserit
937 2418 1261 2493 quantum
1316 2408 1553 2493 flagitii
1601 2409 2048 2475 commisisset
2068 2410 2094 2474 ?
2114 2408 2130 2436 '
2226 2417 2242 2446 ‘
2268 2410 2451 2495 Quid

349 2511 614 2591 autem,’
648 2512 938 2598 inquam,
976 2519 994 2549 ‘
1012 2513 1239 2591 Brute,
1274 2512 1550 2579 stultius
1595 2533 1813 2598 quam,
1853 2512 1913 2578 si
1958 2533 2039 2580 ea
2071 2513 2451 2600 vituperare

415 2690 665 2756 privatoz
702 2688 767 2739 cf.
792 2702 907 2752 214.

416 2756 645 2806 Cottaez
684 2756 811 2815 dat.;
858 2755 1035 2805 Cicero
1070 2754 1350 2806 concluded

350 2822 438 2872 the
459 2821 578 2888 plea
599 2822 771 2885 begun
801 2821 867 2885 by
890 2822 1039 2871 Cotta
1046 2839 1062 2883 ς
1103 2836 1161 2871 so
1188 2823 1348 2872 Peter.

352 2887 447 2938 En.
470 2887 608 2939 etal.
640 2888 791 2937 make
825 2888 1023 2938 Cottae
1057 2904 1089 2937 a
1122 2902 1256 2952 gen„
1278 2903 1350 2938 sc.

352 2970 514 3004 uxore
523 2971 548 3011 ,·
583 2955 669 3015 al„
677 2954 823 3021 filia.

418 3017 669 3070 Naevio:
703 3020 752 3069 It
767 3019 939 3069 would
957 3034 1095 3069 seem
1111 3018 1220 3068 that
1240 3020 1351 3069 Nae-

348 3086 459 3136 vius
482 3086 684 3151 opened
715 3101 784 3135 on
814 3085 901 3135 the
931 3086 1076 3135 other
1098 3085 1224 3146 side,
1248 3086 1351 3135 and

350 3168 452 3201 was
484 3153 645 3217 pitted
678 3151 875 3215 against
909 3151 1073 3212 Cotta,
1107 3166 1163 3202 as
1200 3151 1351 3201 Curio

350 3219 543 3281 against
565 3218 762 3268 Cicero.

416 3285 626 3334 oblitus
646 3292 763 3335 est:
793 3283 937 3334 takes
953 3298 1058 3333 acc.
1072 3298 1129 3334 as
1145 3300 1177 3333 a
1190 3284 1349 3348 single

352 3358 448 3400 act.
516 3349 594 3400 Cf.
625 3352 715 3399 Or.
744 3363 824 3416 37.
855 3364 963 3413 129.

415 3418 806 3469 cantionibus:
844 3418 988 3477 Cato,
1024 3420 1088 3469 R.
1119 3419 1184 3469 R.
1226 3420 1343 3479 1603

349 3484 474 3535 both
492 3484 577 3535 the
594 3486 760 3535 words
776 3485 896 3535 here
916 3484 1182 3550 employed
1197 3485 1352 3552 imply

349 3566 564 3617 sorcery.

418 3618 529 3670 218.
564 3620 950 3672 immemoris:
978 3621 1042 3672 cf.
1058 3621 1119 3671 de
1139 3622 1229 3669 Or.
1245 3620 1345 3670 ΙΙΙ.

350 3696 429 3751 50.
471 3699 578 3749 194,
610 3693 915 3754 tantumque
947 3689 1173 3738 hominis
1210 3689 1347 3753 inge·

350 3752 487 3801 κίοσι·
505 3768 570 3802 ac
590 3755 827 3804 memoris
846 3755 1020 3804 valuit
1038 3754 1347 3803 exercitatio.

415 3827 642 3871 nostro:
687 3819 751 3870 cf.
786 3820 864 3869 ad
890 3822 1036 3869 Fam.
1060 3820 1154 3869 VI.
1185 3831 1258 3869 12.
1285 3832 1339 3880 23

350 3883 486 3936 Suet.
509 3886 569 3936 de
600 3886 738 3936 Clar-
764 3886 906 3937 Rhet.
936 3899 981 3937 1.

1517 2689 1666 2751 facit,
1699 2695 2016 2755 represents:
2060 2688 2126 2742 cf.
2152 2690 2278 2743 Nat.
2309 2692 2382 2742 D.
2404 2692 2449 2742 1.

1457 2767 1531 2805 12.
1568 2768 1656 2819 313
1716 2757 1865 2808 Tusc.
1898 2754 1945 2806 Ι.
1986 2767 2064 2807 10.
2098 2768 2187 2818 213
2238 2757 2301 2807 de
2333 2759 2452 2809 Seu·

1457 2833 1499 2871 1.
1517 2833 1933 2966 iffiveheretun·
1961 2888 2027 2940 cf.
2066 2888 2155 2939 the
2199 2888 2327 2954 Eng.
2368 2890 2453 2940 in·

1451 2955 1593 3018 veigh
1615 2955 1718 3004 and
1742 2955 2004 3004 invecttve.

1517 3020 1729 3071 misso:
1768 3020 1845 3069 ad
1869 3021 1928 3082 Q.
1951 3021 2043 3070 Fr.
2071 3021 2144 3071 11.
2167 3034 2209 3072 1.
2234 3035 2284 3083 ις
2326 3022 2451 3072 Caes.

1451 3086 1517 3136 B.
1550 3087 1600 3136 C.
1626 3086 1668 3135 Ι.
1696 3097 1740 3148 3.
1812 3086 1891 3136 Cf.
1916 3086 2186 3148 dimittere,
2210 3101 2321 3138 200.

1454 3217 1466 3229 ·
1518 3159 1813 3202 senatum:
1854 3172 1903 3195 =
1929 3152 2012 3243 §as
2034 3153 2201 3220 osten)
2229 3158 2288 3205 ‘a
2303 3160 2454 3205 meet·

1451 3216 1621 3338 miii:
1633 3218 2159 3364 ‘tzemsfnffider'niranst
2212 3285 2313 3365 less
2355 3286 2452 3336 fre·

1452 3359 1610 3467 ‘¹⁰53‘
1630 3351 2126 3470 worm&
2151 3352 2454 3470 3.ιὲῗὲ

1450 3434 1628 3537 {guas
1650 3458 1963 3538 tarditerterit.
2012 3459 2023 3471 ·
2049 3434 2129 3483 24,

1518 3562 1842 3606 tantamne:
1885 3553 1949 3605 cf.
1982 3554 2127 3604 Tusc.
2161 3553 2204 3603 1.
2236 3565 2317 3615 41.
2353 3551 2442 3615 983

1449 3620 1527 3670 ad
1561 3624 1668 3671 Att.
1715 3621 1811 3671 IX.
1862 3632 1939 3685 13.
1984 3619 2044 3682 83
2108 3619 2262 3683 Verg.
2317 3623 2447 3669 Aen.

1449 3687 1493 3737 1⁶
1516 3699 1745 3817 iiz‘gitin
1786 3752 1849 3803 ef.
1876 3752 2023 3803 nim
2040 3753 2265 3817 turpius,
2293 3749 2408 3802 218.

1514 3819 1859 3882 vituperare:
1898 3819 2093 3868 oftener
2118 3817 2239 3868 with
2271 3833 2304 3868 a
2337 3832 2447 3882 per·

1449 3885 1594 3936 sonal
1618 3883 1799 3948 object.
