2767 4334
1249 331 1521 382 CICERO.

367 495 597 559 bitatis
628 495 876 577 aliquid
918 494 1252 572 acciderit,
1286 496 1611 579 angimur,
1648 516 1971 560 summam
2023 495 2167 560 eius
2212 494 2482 558 felicita-

366 608 503 663 tem
536 618 670 662 non
703 599 867 662 satis
900 609 1091 681 grato
1122 598 1346 663 animo
1378 600 1914 683 interpretamur.

456 701 726 766 Etenim
777 702 834 766 si
880 703 1133 767 viveret
1184 704 1268 787 Q.
1323 703 1751 780 HortensiuS,
1787 713 2008 768 cetera
2052 703 2340 767 fortasse
2377 703 2484 766 de-

366 807 686 872 sideraret
712 828 845 871 una
875 828 1025 871 cum
1061 807 1331 892 reliquis
1363 807 1557 872 bonis
1590 818 1658 872 et
1689 807 1977 872 fortibus
2002 807 2274 882 civibus,
2303 806 2481 870 hunc

366 920 479 976 aut
527 921 792 995 praeter
823 894 1083 975 ceteros
1131 922 1245 975 aut
1293 933 1445 976 cum
1492 912 1722 995 paucis
1765 912 2129 977 sustineret
2160 911 2472 988 dolorem,

366 1037 516 1080 cum
561 1015 779 1079 forum
825 1015 1050 1098 populi
1101 1015 1405 1091 Romani,
1442 1017 1619 1099 quod
1649 1013 1886 1080 fuisset
1918 1015 2107 1099 quasi
2140 1015 2474 1078 theatrum

366 1120 541 1184 illius
567 1119 838 1202 ingenii,
861 1139 1024 1183 voce
1049 1119 1311 1183 erudita
1334 1129 1402 1183 et
1429 1119 1753 1184 Romanis
1780 1120 2185 1205 Graecisque
2208 1120 2477 1184 auribus

305 1253 335 1297 7
363 1224 569 1308 digna
600 1222 951 1306 spoliatum
986 1233 1185 1306 atque
1216 1224 1523 1287 orbatum
1556 1223 1828 1288 videret.
1908 1225 2237 1308 Equidem
2269 1245 2479 1308 angor

363 1329 586 1393 animo
633 1349 768 1391 non
816 1326 1093 1402 consilii,
1130 1348 1259 1391 non
1311 1327 1581 1410 ingenii,
1631 1349 1765 1392 non
1812 1329 2228 1393 auctoritatis
2273 1329 2473 1392 armis

365 1453 564 1517 egere
613 1453 751 1496 rem
798 1430 1151 1515 publicam,
1186 1451 1355 1514 quae
1398 1431 1756 1497 didiceram
1790 1442 2075 1498 tractare
2106 1434 2476 1518 quibusque

362 1558 470 1601 me
516 1533 1008 1601 adsuefeceram
1045 1556 1345 1619 quaeque
1377 1546 1568 1600 erant
1599 1535 1863 1619 propria
1893 1557 2043 1601 cum
2075 1538 2478 1620 praestantis

362 1642 431 1707 in
480 1662 550 1706 re
596 1639 861 1724 publica
889 1639 1011 1702 viri
1057 1649 1201 1703 tum
1235 1640 1408 1704 bene
1441 1650 1735 1705 moratae
1768 1650 1834 1704 et
1868 1641 2040 1705 bene
2071 1642 2478 1706 constitutae

363 1746 670 1812 civitatis.

769 1743 1027 1828 Quodsi
1059 1744 1188 1807 fuit
1237 1744 1304 1807 in
1353 1765 1425 1808 re
1470 1744 1736 1827 publica
1766 1754 2033 1827 tempus
2066 1745 2291 1822 ullum,
2328 1767 2480 1811 cum

363 1861 755 1935 extorquere
785 1868 969 1912 arma
999 1857 1225 1931 posset
1274 1869 1311 1913 e
1358 1849 1665 1913 manibus
1698 1849 2013 1912 iratorum
2049 1850 2291 1914 civium
2324 1850 2478 1914 boni

364 1955 527 2021 civis
572 1953 935 2018 auctoritas
983 1962 1049 2017 et
1096 1953 1328 2029 orati0‚
1363 1962 1507 2016 tum
1557 1953 1857 2034 profecto
1902 1952 2050 2030 fuit,
2086 1974 2235 2017 cum
2268 1963 2481 2039 patro-

364 2059 610 2125 cinium
671 2057 852 2141 pacis
915 2057 1253 2120 exclusum
1318 2067 1419 2120 est
1482 2067 1595 2120 aut
1666 2078 1885 2120 errore
1955 2056 2297 2121 hominum
2365 2068 2478 2121 aut

363 2165 623 2228 timore.

453 2269 559 2331 Ita
590 2266 922 2330 nobismet
958 2265 1119 2347 ipsis
1151 2265 1410 2340 accidit,
1446 2274 1540 2340 ut,
1576 2287 1974 2349 quamquam
2009 2274 2236 2328 essent
2273 2265 2480 2328 multo

443 2538 632 2593 grato:
678 2529 869 2578 toward
902 2528 987 2577 the
1020 2528 1169 2590 gods;
1219 2526 1282 2576 cf.
1320 2527 1376 2576 de

385 2598 471 2644 Or.
509 2596 607 2644 111.
646 2608 691 2644 2.
727 2594 775 2653 8,
814 2601 873 2643 ut
903 2595 1035 2642 mihi
1071 2609 1173 2641 non
1209 2601 1374 2656 erepla

376 2664 434 2711 L.
468 2663 647 2710 Crasso
669 2677 701 2709 a
731 2661 810 2708 dis
840 2660 1216 2708 immortalibus
1249 2660 1374 2718 vita,

375 2728 465 2776 sed
479 2728 666 2776 donata
693 2742 825 2774 mors
848 2741 942 2774 esse
964 2726 1220 2773 videatur.

443 2791 494 2846 2.
530 2792 576 2841 6.
612 2807 729 2842 una
751 2805 882 2841 eum
909 2827 921 2839 .
948 2826 960 2838 .
991 2828 1002 2839 .
1023 2812 1070 2834 =
1093 2795 1106 2817 ‘
1126 2797 1213 2839 not
1237 2807 1374 2839 more

377 2862 500 2908 than
525 2859 672 2922 they.’
1310 2907 1317 2914 ,

440 2925 609 2976 bonis
644 2933 700 2974 et
733 2924 1001 2973 fortibus:
1071 2923 1120 2971 in
1162 2923 1246 2972 the
1287 2939 1375 2987 po·

376 2991 529 3040 litical
563 3006 726 3049 sense,
765 2990 867 3038 like
909 2989 994 3037 the
1029 2989 1195 3037 Greek
1230 2989 1375 3039 καλοὶ

377 3057 606 3119 κάγαθοίι
657 3057 734 3105 for
771 3055 957 3115 boniS,
992 3055 1055 3103 cf.
1090 3067 1202 3117 1033
1248 3067 1367 3118 2733

374 3125 461 3172 the
497 3124 624 3172 class
658 3122 716 3171 os
746 3123 1016 3185 optimates.

441 3182 676 3239 fuisset:
713 3187 939 3250 subjunc.
963 3188 1029 3250 by
1053 3187 1330 3235 attraction.

435 3255 791 3316 Graecisque,
817 3255 933 3302 and
947 3271 1066 3301 even
1098 3255 1269 3303 Greek.

441 3319 782 3382 spoliatum:
816 3319 882 3380 by
907 3318 991 3366 the
1015 3318 1125 3366 civil
1148 3333 1266 3367 war.

442 3398 486 3449 7.
533 3384 832 3448 equidem:
899 3382 951 3431 in
1008 3384 1200 3443 Cicer0‚
1258 3384 1377 3446 only

373 3451 494 3499 with
524 3457 596 3498 1st
618 3465 748 3514 pers.
774 3450 901 3512 sing.
923 3448 982 3498 of
993 3449 1077 3497 the
1100 3450 1220 3497 verb
1230 3467 1244 3508 3
1289 3449 1376 3497 but

374 3524 465 3565 not
515 3515 596 3580 (as
643 3515 875 3578 formerly
911 3514 1203 3579 explained)
1249 3515 1374 3563 from

372 3599 454 3646 ego
484 3581 689 3647 quidem
705 3597 724 3631 .·
757 3580 821 3629 cf.
851 3580 1230 3630 Gildersleeve's
1253 3582 1375 3629 Per-

369 3651 493 3708 sius,
519 3649 559 3696 1.
591 3660 701 3697 110.

436 3715 659 3764 animo:
708 3712 786 3761 ad
815 3714 961 3762 Fam.
1009 3713 1149 3762 XVI.
1196 3726 1270 3774 14.
1313 3726 1370 3761 2:

370 3782 499 3844 angi
527 3780 705 3828 animi
733 3777 886 3843 (loc.)
925 3778 966 3827 is
1000 3778 1195 3827 oftener
1219 3779 1364 3827 used:

370 3846 424 3894 in
445 3844 572 3909 plur.
598 3845 811 3894 animis.

1545 2536 1825 2577 moratae:
1865 2527 1983 2576 with
2009 2528 2258 2592 emphasis
2294 2543 2360 2577 on
2396 2528 2479 2577 the

1479 2593 1656 2655 higher
1692 2594 1931 2655 meaning
1965 2594 2023 2642 of
2054 2609 2252 2642 mores:
2286 2594 2347 2641 de
2388 2594 2477 2642 Or.

1481 2659 1551 2708 11.
1569 2671 1650 2721 43.
1677 2658 1785 2719 184,
1808 2666 1866 2707 ul
1872 2660 2040 2722 probi,
2062 2666 2121 2707 ut
2135 2660 2253 2707 bene
2276 2660 2477 2717 morati,

1481 2732 1540 2773 ul
1572 2725 1691 2789 bonni
1726 2726 1839 2772 viri
1876 2741 1971 2778 esse
2011 2725 2287 2773 videamur
2300 2741 2343 2781 ,··
2371 2724 2479 2773 Liv.

1480 2791 1636 2839 XLV.
1657 2803 1719 2853 23
1729 2808 1743 2850 3
1787 2790 1958 2852 Quint.
1983 2791 2127 2839 VIII.
2155 2790 2199 2838 6.
2228 2804 2305 2851 24.

1544 2857 1885 2906 constitutae
1908 2871 1922 2906 ε
1954 2856 2016 2905 cf.
2042 2856 2100 2904 de
2131 2857 2219 2904 Or.
2241 2857 2281 2905 1.
2309 2869 2381 2917 19.
2402 2855 2480 2920 85.

1546 2931 1743 2986 posset
1755 2937 1770 2982 ς
1828 2923 2121 2972 exclusum
2168 2931 2286 2972 est:
2341 2922 2481 2970 ‘The

1479 2987 1785 3051 subjunctive
1836 2987 1922 3052 [of
1962 2987 2356 3052 characteristic]
2402 3004 2480 3036 ex-

1481 3070 1674 3118 presses
1718 3054 1851 3103 what
1895 3055 2063 3103 would
2107 3055 2310 3119 happen
2355 3054 2407 3102 in
2453 3070 2483 3103 a

1481 3120 1733 3184 supposed
1756 3135 1893 3180 case;
1927 3120 2011 3168 the
2035 3120 2307 3169 indicative
2330 3126 2481 3168 states

1480 3187 1614 3234 what
1637 3186 1726 3234 did
1748 3186 1801 3233 in
1827 3186 1926 3234 fact
1961 3187 2077 3235 take
2112 3186 2286 3249 place.’
2353 3188 2414 3234 A.
2438 3185 2483 3235 ἃ

1480 3253 1541 3300 G.
1566 3269 1613 3316 p.
1641 3265 1751 3313 230.

1545 3319 1950 3381 patrocinium:
2003 3318 2124 3367 such
2170 3334 2225 3366 as
2271 3317 2378 3366 that
2429 3318 2489 3366 of

1479 3384 1654 3432 Cicero
1689 3384 1894 3432 himself
1896 3402 1911 3443 ;
1955 3399 2037 3432 see
2065 3384 2175 3432 266.
2200 3401 2250 3433 n.

1546 3457 1644 3498 aut
1678 3464 1858 3499 errore
1887 3488 1898 3499 .
1925 3485 1938 3499 .
1966 3487 1977 3499 .
2005 3458 2103 3499 aut
2125 3451 2356 3499 timore:
2396 3450 2482 3498 the

1480 3515 1594 3564 lack
1651 3514 1710 3564 of
1753 3516 1962 3564 wisdom
2007 3530 2063 3563 or
2110 3515 2168 3563 of
2208 3516 2482 3564 resolution

1479 3596 1667 3643 among
1690 3582 1774 3629 the
1801 3581 2077 3646 Pompeian
2100 3588 2257 3646 party.

1545 3646 1592 3695 8.
1628 3656 1851 3697 essent:
1899 3646 2140 3710 subjunc„
2175 3656 2266 3696 not
2305 3663 2360 3696 as
2395 3647 2485 3696 fol-

1477 3712 1665 3774 lowing
1713 3727 2063 3777 quamquam
2121 3713 2483 3778 (post-Cicero-

1479 3780 1613 3837 nian,
1652 3780 1713 3827 R.
1753 3779 1925 3843 1697),
1961 3779 2050 3827 but
2083 3780 2148 3842 by
2183 3780 2474 3839 attraction3

1478 3844 1539 3892 cs.
1565 3845 1624 3893 de
1654 3846 1744 3893 Or.
1769 3844 1841 3894 11.
1870 3857 1913 3894 1.
1942 3858 1993 3906 13
2034 3845 2170 3895 Phil.
2201 3845 2290 3894 VI.
2321 3857 2361 3893 1.
2389 3857 2434 3909 3.
