2767 4334
1251 382 1538 434 BRUTUS.
2401 385 2491 438 111

286 566 432 609 rum
464 565 741 609 numero
772 566 984 609 annos
1016 555 1332 629 quattuor
1352 542 1430 610 et
1465 547 1903 630 quadraginta
1933 548 2161 613 fuisse.
2238 551 2390 615 Hoc

283 651 368 714 de
414 658 676 713 oratore
721 648 916 733 paulo
962 635 1136 733 post*
1169 650 1358 734 plura
1414 652 1733 729 dicemuS,
1782 653 1910 717 hoc
1962 662 2185 718 autem
2242 654 2389 719 loco

283 754 615 819 voluimus
647 754 789 818 eius
820 763 1110 818 aetatem
1154 755 1224 818 in
1267 755 1597 838 disparem
1646 766 1981 822 oratorum
2028 757 2383 824 includere.
2487 815 2492 818 r

287 861 707 943 Quamquam
741 859 808 923 id
839 858 1104 942 quidem
1140 859 1450 924 omnibus
1489 881 1612 924 usu
1643 860 1872 925 venire
1919 882 2194 927 necesse
2239 864 2385 941 fuit,

285 964 526 1048 quibus
558 962 754 1046 paulo
785 963 1047 1047 longior
1076 964 1216 1027 vita
1247 964 1551 1048 contigit,
1587 974 1661 1029 ut
1695 974 1761 1029 et
1794 986 1945 1031 cum
1979 966 2190 1031 multo
2236 969 2389 1031 mai-

285 1068 509 1132 oribus
541 1077 705 1132 natu
737 1088 935 1151 quam
974 1077 1200 1132 essent
1243 1059 1391 1150 ipsi,
1431 1078 1499 1133 et
1541 1090 1694 1134 cum
1740 1070 2078 1153 aliquanto
2125 1072 2388 1136 minori-

283 1173 409 1236 bus
442 1181 1024 1254 compararentur;
1070 1181 1144 1236 ut
1178 1172 1433 1238 Accius
1466 1173 1677 1238 isdem
1709 1174 2035 1239 aedilibus
2074 1175 2166 1240 ait
2205 1196 2278 1240 se
2319 1187 2385 1240 et

287 1276 644 1341 Pacuvium
700 1276 1009 1340 docuisse
1070 1275 1384 1354 fabulam,
1442 1298 1594 1342 cum
1656 1277 1766 1342 ille
1827 1278 2187 1362 octoginta,
2245 1280 2387 1362 ipse

284 1380 562 1464 triginta
605 1400 817 1448 annos
868 1389 1067 1444 natus
1116 1389 1313 1444 esset.
1426 1379 1540 1445 Sic
1594 1382 2003 1447 Hortensius
2053 1404 2187 1447 non
2239 1404 2387 1448 cum
2405 1413 2491 1458 230

286 1484 424 1548 suis
454 1484 841 1567 aequalibus
887 1483 1120 1560 solum,
1164 1484 1282 1548 sed
1330 1494 1398 1549 et
1449 1505 1598 1549 mea
1646 1506 1797 1550 cum
1847 1496 2066 1552 aetate
2116 1496 2183 1551 et
2233 1508 2384 1551 cum

284 1597 417 1664 tua,
454 1589 678 1664 Brute,
729 1597 796 1651 et
843 1608 993 1651 cum
1041 1588 1382 1671 aliquanto
1430 1589 1769 1671 superiore
1814 1590 2282 1675 coniungitur3
2329 1593 2385 1656 si

284 1692 549 1776 quidem
583 1701 651 1756 et
686 1692 930 1756 Crasso
954 1692 1103 1756 vivo
1134 1692 1355 1757 dicere
1390 1692 1644 1757 solebat
1679 1704 1745 1758 et
1780 1694 1992 1778 magis
2025 1695 2152 1758 iam
2185 1696 2385 1760 etiam

282 1797 551 1880 vigebat
576 1796 902 1872 Antonio,
929 1806 999 1860 et
1024 1817 1177 1860 cum
1205 1796 1508 1880 Philippo
1540 1797 1670 1861 iam
1704 1818 1865 1862 sene
1895 1819 2015 1881 pro
2048 1800 2171 1864 Cn.
2202 1801 2387 1865 Pom-

282 1900 414 1985 peii
469 1900 662 1965 bonis
714 1900 946 1965 dicens
999 1900 1069 1964 in
1115 1900 1228 1965 illa
1275 1921 1492 1978 causa,
1540 1902 1934 1967 adulescens
1984 1923 2134 1967 cum
2185 1913 2381 1981 esset,

283 2005 592 2089 princeps
622 2001 769 2081 fuit,
806 2014 872 2069 et
906 2005 974 2068 in
1007 2025 1232 2069 eorum
1265 2026 1432 2089 quos
1470 2006 1540 2069 in
1585 2005 1862 2089 Sulpicii
1915 2016 2136 2071 aetate
2189 2009 2380 2091 posui

284 2095 632 2174 numerum
679 2108 875 2173 facile
924 2119 1335 2191 pervenerat,
1387 2119 1454 2173 et
1510 2130 1667 2174 suos
1720 2110 1897 2174 inter
1940 2110 2232 2194 aequalis
2288 2113 2380 2176 M.

285 2214 612 2290 Pisonem,
680 2214 768 2278 M.
836 2213 1174 2290 Crassum,
1238 2213 1361 2279 Cn.
1424 2214 1804 2291 Lentulum,
1872 2217 1936 2278 P.
2022 2216 2383 2280 Lentulum

288 2317 524 2383 Suram
556 2316 755 2400 longe
787 2317 1143 2400 praestitit,
1179 2327 1247 2382 et
1290 2339 1398 2383 me
1434 2318 1931 2383 adulescentem
1965 2328 2201 2383 nactus
2232 2329 2385 2385 octo

284 2422 477 2485 annis
509 2421 832 2485 minorem
875 2441 1074 2505 quam
1115 2431 1258 2487 erat
1300 2422 1463 2505 ipse,
1498 2422 1744 2487 multos
1791 2443 2000 2487 annos
2046 2423 2115 2486 in
2163 2425 2385 2488 studio

351 2584 505 2640 post:
545 2591 630 2640 eg.
658 2588 749 2639 301
777 2590 850 2641 sq.

351 2641 665 2706 disparem:
714 2656 782 2691 sc.
818 2648 1082 2702 aetatem,
1117 2641 1285 2693 which

285 2722 424 2756 some
447 2707 663 2756 editions
686 2707 830 2756 have.

351 2772 666 2823 includere:
710 2773 787 2823 for
824 2774 909 2822 the
942 2774 1284 2824 construction

285 2839 404 2888 with
426 2839 485 2889 in
515 2840 618 2888 and
650 2854 772 2899 acc„
796 2838 859 2889 cf.
892 2841 985 2888 Or.
1014 2851 1060 2906 5.
1090 2852 1173 2903 193
1216 2840 1291 2889 ad

283 2907 387 2954 Att.
411 2905 452 2955 Ι.
485 2905 558 2955 16.
590 2918 673 2965 103
714 2905 867 2955 XIII.
898 2919 970 2969 19.
998 2918 1044 2969 3.

351 2984 480 3031 usu,
505 2972 812 3035 experience.

352 3037 649 3087 docuisse:
691 3050 778 3102 723
819 3049 917 3088 nc,
947 3049 1055 3100 140.

285 3170 332 3217 Α
353 3116 473 3217 2t3o3
500 3103 664 3219 virgo:
701 3103 906 3153 Crassus
930 3104 1049 3154 died
1071 3116 1168 3154 B.c.
1187 3117 1275 3167 913

334 3185 367 3217 n
389 3184 550 3229 omus,
642 3206 655 3219 .

351 3236 593 3299 vigebat,
611 3181 930 3301 ⁷flourished:
973 3236 1176 3299 magis,
1207 3238 1282 3286 τῖε.

288 3300 409 3350 than
430 3303 581 3352 while
605 3304 810 3351 Crassus
833 3316 935 3350 was
957 3301 1100 3351 alive.
1160 3302 1285 3352 This

288 3368 483 3432 change
505 3370 682 3420 within
706 3370 793 3419 the
817 3368 930 3418 four
951 3370 1109 3432 years’
1132 3370 1282 3418 inter-

286 3436 366 3483 val
410 3437 502 3486 has
546 3438 677 3487 been
717 3437 992 3502 compared
1032 3435 1151 3483 with
1198 3434 1285 3484 the

1449 2578 1651 2627 bonis:
1706 2578 1970 2642 Pompey’s
2016 2576 2179 2627 father
2227 2577 2379 2693 (1715)

1384 2642 1489 2693 had
1534 2650 1624 2692 not
1668 2643 1946 2692 accounted
1990 2649 2043 2692 to
2085 2644 2170 2692 the
2214 2645 2318 2709 pub
2338 2645 2385 2693 ic

1385 2716 1607 2772 treasury
1625 2709 1703 2759 for
1719 2709 1805 2758 the
1821 2710 1975 2772 booty
1993 2709 2144 2758 taken
2162 2717 2212 2759 at
2227 2711 2384 2760 Ascu-

1384 2775 1504 2835 lum,
1528 2776 1630 2825 and
1654 2792 1719 2824 an
1743 2776 1912 2824 action
1937 2774 2014 2825 for
2031 2791 2267 2839 recovery
2283 2791 2386 2825 was

1383 2841 1604 2906 brought
1658 2842 1854 2905 against
1909 2840 1996 2891 the
2049 2855 2180 2904 son3
2255 2842 2383 2892 Plut.

1383 2909 1556 2971 Pomp.
1577 2921 1622 2957 2.
1645 2923 1695 2969 4.

1450 2974 1713 3038 princeps
1770 2973 1907 3023 fuit:
1976 2988 2007 3021 a
2056 2972 2248 3023 further
2296 2975 2384 3023 ad·

1383 3054 1541 3088 vance
1598 3040 1652 3088 in
1702 3039 1988 3104 reputation
2035 3046 2088 3089 to
2137 3039 2223 3089 the
2265 3056 2385 3103 very

1384 3104 1624 3154 foremost
1658 3105 1812 3170 place.
1892 3106 2012 3155 And
2050 3106 2146 3154 this
2180 3108 2385 3155 oratori-

1385 3170 1464 3220 cal
1508 3171 1724 3237 triumph
1775 3187 1876 3221 was
1920 3171 2105 3235 gained
2149 3184 2247 3221 B.c.
2298 3171 2381 3229 86,

1384 3237 1471 3286 the
1515 3243 1633 3286 next
1676 3253 1795 3301 year
1834 3239 1961 3288 after
2006 3239 2091 3288 the
2135 3237 2286 3287 death
2332 3237 2391 3288 of

1383 3304 1649 3353 Antonius.

1450 3379 1807 3434 pervener-ata
1848 3383 1968 3434 2433
2012 3370 2123 3433 263.

1451 3436 1734 3499 aequalis:
1792 3436 1933 3486 these
1974 3451 2147 3486 names
2186 3451 2271 3486 are
2310 3452 2384 3487 re-

287 3511 383 3552 two
449 3506 609 3568 years’
677 3505 872 3568 change
933 3502 1164 3566 wrought
1229 3501 1284 3550 in

287 3570 492 3620 Cicero:
548 3571 613 3620 cf.
651 3572 776 3635 3163
824 3573 915 3621 but
948 3571 1125 3621 Cicero
1161 3568 1284 3617 took

286 3644 479 3700 greater
510 3637 672 3702 painS.
753 3638 841 3688 Or.
876 3639 1016 3702 gives
1051 3654 1082 3687 a
1121 3635 1284 3686 differ-

287 3709 373 3752 ent
404 3710 519 3753 turn
555 3710 608 3753 to
635 3704 822 3767 magis
864 3740 876 3753 .
918 3742 930 3754 .
973 3740 985 3753 .
1020 3704 1275 3767 vigebat3

233 3831 239 3837 θ
288 3768 352 3816 id
380 3776 458 3829 est,
487 3770 685 3836 sortior
722 3777 770 3819 et
804 3771 979 3820 acrior
1014 3770 1288 3822 habebatur

286 3851 439 3900 quam
463 3836 735 3885 Antonius.

350 3901 634 3953 Antonioz
671 3916 740 3953 sc.
762 3900 911 3954 vivo.

1382 3502 1575 3551 viewed
1616 3516 1711 3566 233
1751 3519 1822 3570 sq.
1908 3503 2073 3552 There
2113 3502 2157 3551 is
2195 3504 2316 3552 here
2356 3520 2387 3552 a

1383 3569 1528 3632 rapid
1551 3570 1813 3620 transition
1840 3570 1969 3620 from
1993 3570 2080 3619 the
2103 3569 2243 3619 older
2267 3586 2385 3619 con-

1385 3638 1711 3701 temporaries
1732 3637 1791 3687 of
1810 3637 2112 3686 Hortensius
2136 3644 2188 3685 to
2207 3636 2286 3685 his
2309 3652 2388 3685 co·

1387 3702 1537 3762 evals,
1580 3705 1682 3753 and
1722 3703 1904 3752 thence
1945 3711 1998 3752 to
2038 3703 2118 3752 his
2162 3717 2388 3765 younger

1388 3768 1813 3835 contemporaries
1835 3769 2013 3820 Cicero
2044 3768 2144 3818 and
2175 3769 2379 3828 Brutus;

1388 3835 1451 3887 cf.
1478 3848 1588 3898 230.
1616 3836 1734 3885 init.

1455 3908 1690 3954 nactus:
1716 3922 1763 3945 =
1791 3903 1805 3928 ‘
1817 3899 1943 3951 after
1965 3899 2144 3965 falling
2165 3900 2219 3950 in
2235 3900 2390 3951 with!
