2767 4334
1211 384 1499 437 BRUTUS.
2398 378 2459 432 13

266 486 335 541 s<

204 540 313 643 ‘f‘
342 553 476 618 Hic
502 573 666 636 ego:
721 560 736 587 ‘
760 553 1063 616 Laudare
1089 551 1295 634 igitur
1320 547 1771 632 eloquentiam
1797 555 1865 611 et
1889 554 2139 631 quanta
2159 544 2261 609 vis
2285 544 2371 609 sit
2406 569 2461 616 25

249 658 396 721 eius
443 676 829 739 expromere
876 665 1327 740 quantamque
1359 653 1477 730 eis,
1512 651 1627 737 qui
1659 651 1795 716 sint
1827 670 1973 715 eam
2006 649 2369 725 consecuti,

248 761 650 845 dignitatem
681 757 958 837 adferat,
993 779 1211 843 neque
1251 757 1669 842 propositum
1706 755 1901 820 nobis
1933 763 2037 819 est
2069 755 2196 819 hoc
2228 753 2373 817 loco

249 886 471 950 neque
508 864 1004 942 necessarium;
1049 865 1177 929 hoc
1207 883 1364 928 vero
1403 862 1548 927 sine
1587 860 1721 925 ulla
1759 859 2177 924 dubitatione
2224 878 2374 923 con-

248 969 669 1046 firmaverim,
695 969 833 1033 sive
858 968 968 1032 illa
990 978 1134 1032 arte
1157 968 1450 1051 pariatur
1472 966 1691 1050 aliqua
1723 965 1862 1029 sive
1896 963 2370 1029 exercitatione

249 1075 536 1157 quadam
586 1073 725 1137 sive
771 1082 1026 1149 natura,
1082 1093 1222 1160 rem
1275 1093 1477 1136 unam
1527 1091 1678 1136 esse
1701 1071 2023 1135 omnium
2076 1070 2374 1135 difficilli-

249 1199 446 1243 mam.
545 1177 810 1262 Quibus
846 1177 1023 1242 enim
1056 1197 1137 1241 ex
1177 1176 1470 1261 quinque
1512 1178 1710 1241 rebus
1748 1185 2057 1241 constare
2103 1175 2366 1251 dicitur,

250 1303 481 1347 earum
527 1303 660 1346 una
700 1301 1001 1367 quaeque
1049 1290 1154 1346 est
1205 1302 1310 1346 ars
1356 1281 1502 1364 ipsa
1546 1301 1789 1365 magna
1833 1302 1952 1364 per
1988 1301 2177 1359 sese;
2219 1301 2372 1364 qua-

250 1408 400 1451 rum
467 1386 759 1470 quinque
825 1386 1068 1450 artium
1138 1406 1501 1451 concursus
1560 1386 1990 1451 maximarum
2053 1395 2368 1470 quantam

249 1491 386 1555 vim
434 1500 881 1575 quantamque
923 1490 1382 1555 difficultatem
1426 1491 1685 1567 habeat,
1726 1490 2086 1556 existimari
2124 1499 2365 1574 potest.

251 1595 480 1660 Testis
517 1603 621 1659 est
655 1595 952 1672 Graecia,
988 1615 1159 1679 quae
1204 1616 1355 1660 cum
1404 1595 1826 1679 eloquentiae
1872 1595 2094 1659 studio
2141 1595 2227 1659 sit
2274 1594 2369 1658 in·
2399 1573 2457 1686 26

250 1720 456 1764 censa
479 1699 858 1783 iamdiuque
883 1699 1159 1764 excellat
1190 1699 1258 1762 in
1286 1719 1364 1764 ea
1395 1708 1821 1783 praestetque
1853 1699 2369 1776 ceteriS„tamen

249 1861 330 1903 tor
356 1868 412 1904 as
433 1852 547 1903 well
581 1867 636 1903 as
669 1852 747 1903 sor
781 1853 867 1903 the
900 1850 1248 1920 philosopher;

250 1922 312 1969 de
354 1921 446 1970 Or.
483 1921 526 1970 1.
559 1932 634 1969 11.
668 1932 749 1983 47,
781 1920 872 1968 hoc
907 1922 1134 1969 maxime
1166 1921 1256 1968 ad-

251 1987 493 2035 mirabar
526 1987 810 2046 Platonem,
845 1986 984 2050 quod
1022 1987 1155 2034 mihi
1194 1987 1255 2035 in

251 2052 541 2101 oratoribus
575 2051 872 2101 inridendis
901 2053 1002 2116 ipse
1024 2068 1120 2100 esse
1141 2068 1255 2100 ora-

249 2127 334 2167 tor
370 2133 602 2167 summus
647 2118 934 2167 videbatur.
1001 2118 1112 2167 The
1153 2118 1255 2166 Ro-

250 2199 397 2233 mans
414 2184 474 2233 of
491 2185 591 2233 this
608 2199 702 2246 age
720 2184 859 2233 often
878 2184 1101 2233 adorned
1125 2183 1255 2232 their

250 2252 430 2299 homes
472 2250 592 2299 with
636 2257 825 2299 statues
869 2250 929 2299 of
972 2249 1253 2298 celebrated

251 2316 462 2365 Greeks.

320 2382 717 2432 consedimus:
756 2380 819 2430 cf.
844 2380 902 2429 de
932 2381 1022 2430 Or.
1045 2381 1087 2430 Ι.
1111 2394 1155 2445 7.
1175 2393 1254 2444 29.

321 2459 402 2513 25.
437 2448 635 2510 igitur:
675 2460 754 2496 21.
779 2463 830 2496 n.

188 2546 195 2551 -
319 2528 664 2578 expromere,
707 2520 782 2562 set
806 2512 985 2580 forth.-
1031 2519 1121 2562 not
1155 2519 1262 2577 put

252 2580 416 2647 forth,
451 2594 506 2629 as
539 2579 599 2627 de
640 2581 729 2627 Or.
769 2579 814 2629 1.
847 2590 893 2645 5.
923 2591 1007 2643 173
1058 2579 1148 2627 Or.
1174 2579 1252 2642 36.

257 2659 318 2695 12
355 2683 367 2695 .

320 2657 441 2761 {ive
476 2711 584 2771 illa,
613 2718 737 2760 etc.:
775 2710 838 2761 cf.
871 2722 934 2758 22
951 2725 1025 2769 n.;
1071 2711 1129 2760 de
1161 2711 1251 2760 Or.

252 2777 296 2828 1.
333 2791 380 2827 2.
415 2789 469 2843 53
513 2778 555 2827 1.
582 2790 662 2828 21.
690 2778 770 2839 96,
808 2785 869 2826 ut
896 2793 1015 2826 vero
1040 2778 1254 2841 penitus

253 2846 314 2893 in
333 2860 444 2892 eam
471 2845 634 2908 ipsam
653 2845 806 2892 totius
821 2844 979 2892 huius
995 2844 1079 2892 vel
1089 2842 1254 2892 studii

251 2911 334 2958 vel
361 2909 584 2975 artificii
616 2911 698 2958 vel
715 2910 992 2974 facultatis
1024 2910 1252 2972 disputa·

250 2975 436 3022 tionem
485 2982 654 3038 paene
703 2976 944 3022 intimam
996 2976 1257 3023 veniretis.

250 3039 639 3090 difficillimam
673 3040 717 3089 is
750 3040 1029 3105 applicable
1067 3047 1121 3089 to
1163 3056 1254 3088 ars

250 3107 354 3155 and
398 3114 451 3155 to
490 3107 803 3165 exercitatio,
836 3113 927 3155 not
970 3106 1158 3170 strictly
1199 3113 1252 3155 to

250 3179 448 3221 natura
462 3189 487 3229 ,·
531 3172 622 3222 but
645 3172 822 3221 Cicero
846 3173 969 3221 does
991 3179 1081 3221 not
1103 3188 1251 3221 mean

248 3238 530 3287 unassisted
554 3245 746 3287 nature.

314 3318 385 3353 ex
423 3304 673 3367 quinque
718 3305 922 3354 rebus:
969 3304 1249 3367 Quintilian

252 3370 383 3434 (111.
399 3383 445 3433 3.
470 3369 523 3434 ι)
546 3370 685 3432 gives
707 3370 869 3433 single
893 3377 1042 3419 terms
1065 3370 1142 3419 for
1166 3372 1251 3420 the

245 3437 343 3484 five
373 3443 508 3501 parts
532 3436 590 3485 of
616 3443 838 3500 oratory3
881 3437 975 3485 viz.
1001 3438 1250 3496 inventio,

245 3502 517 3566 dispositi0,
553 3503 776 3563 elocutio,
814 3504 1078 3562 memoria,
1119 3504 1251 3551 actio

244 3568 330 3617 vel
348 3570 734 3633 pronuntiatio.
802 3568 979 3618 Cicero
1013 3575 1130 3633 puts
1163 3568 1250 3616 the

243 3649 381 3683 same
403 3634 457 3683 in
478 3635 689 3698 varying
709 3635 942 3698 phrases:
974 3650 1058 3698 eg.
1077 3634 1135 3682 de
1158 3636 1248 3684 Or.

243 3699 317 3749 11.
357 3712 430 3762 19.
470 3713 547 3764 79,
584 3703 814 3765 quinque
838 3702 1062 3767 faciunt
1096 3701 1250 3764 quasi

245 3767 468 3815 membra
491 3767 1084 3831 eloquentiae,‚invenire
1118 3765 1257 3829 quod

244 3833 401 3891 dicas,
425 3833 640 3881 inventa
665 3833 942 3896 disponere,
968 3832 1151 3880 deinde
1172 3848 1248 3879 or—

244 3914 375 3946 nare
420 3898 599 3958 verbis,
629 3904 751 3962 post
787 3896 1061 3946 memoriae
1100 3914 1245 3945 man-

1357 1855 1501 1914 dare,
1535 1861 1645 1904 tum
1686 1855 1763 1904 ad
1787 1861 2067 1904 extremum
2112 1870 2261 1920 agere
2297 1872 2359 1904 ac

1360 1922 1745 1985 pronuntiare:
1789 1920 1853 1969 cf.
1888 1921 1995 1970 also
2031 1922 2072 1969 1.
2109 1933 2190 1984 31.
2230 1933 2347 1983 1423

1355 1987 1418 2035 de
1449 1987 1568 2036 Inv.
1593 1988 1635 2037 1.
1663 1999 1706 2050 7.
1731 2000 1778 2048 9.
1847 1987 1942 2035 We
1974 1994 2106 2036 must
2139 1987 2270 2052 keep
2302 1988 2354 2036 in

1355 2052 1497 2102 mind
1521 2053 1606 2101 the
1624 2053 1890 2102 difference
1907 2053 2133 2102 between
2151 2053 2357 2102 elocutio

1355 2120 1458 2167 and
1482 2135 1573 2167 our
1595 2120 1836 2168 elocution
1851 2136 1871 2177 ‚·
1906 2134 1961 2168 as
1986 2119 2213 2168 between
2239 2128 2357 2183 pro-

1357 2186 1623 2234 nuntiatio
1663 2185 1763 2233 and
1809 2200 1900 2233 our
1924 2186 2355 2249 pronunciation.

1355 2251 1518 2309 Actio,
1534 2250 1656 2310 aISO,
1674 2251 1717 2299 is
1735 2250 1873 2299 often
1892 2251 2045 2299 taken
2068 2251 2121 2299 in
2139 2257 2224 2300 too
2244 2267 2354 2299 nar-

1355 2331 1461 2365 row
1483 2332 1513 2365 a
1534 2331 1703 2375 sense;
1743 2317 1938 2380 Sandys
1961 2333 2029 2365 on
2060 2318 2150 2366 Or.
2181 2329 2255 2381 17.
2274 2317 2354 2383 56.

1421 2382 1575 2445 Quite
1610 2383 1812 2431 distinct
1843 2382 2080 2431 fromrthe
2103 2383 2196 2432 five
2218 2391 2355 2448 parts
2439 2444 2444 2447 v

1355 2447 1417 2496 of
1444 2455 1642 2511 oratory
1676 2464 1760 2497 are
1790 2449 1875 2497 the
1910 2449 2004 2497 five
2038 2456 2174 2513 parts
2201 2449 2261 2498 of
2289 2465 2355 2498 an

1355 2514 1567 2562 oration.
1637 2515 1736 2562 For
1759 2514 1899 2564 these
1921 2514 2201 2577 Quintilian
2225 2514 2353 2579 (111.

1354 2591 1403 2642 9.
1433 2578 1486 2645 ι)
1518 2579 1657 2642 gives
1692 2580 1777 2628 the
1809 2580 1970 2642 single
2004 2587 2155 2629 terms
2179 2588 2354 2644 prooe-

1355 2646 1540 2705 mium,
1560 2649 1818 2705 narratio,
1826 2647 2075 2710 probatio,
2095 2648 2354 2713 refutatio,

1344 2714 1622 2777 peroratio.
1705 2713 1860 2772 Here,
1895 2713 2018 2772 als0,
2052 2712 2227 2761 Cicero
2264 2713 2355 2762 has

1352 2777 1561 2840 varying
1605 2778 1963 2842 descriptions:
2024 2793 2108 2842 eg.
2155 2778 2213 2827 de
2263 2780 2353 2828 Or.

1353 2843 1398 2892 Ι.
1444 2856 1523 2906 31.
1580 2855 1695 2906 143;
1752 2845 1843 2893 Or.
1895 2855 1974 2909 35.
2027 2857 2144 2904 1223
2207 2847 2355 2895 Part.

1362 2909 1503 2957 Orat.
1534 2921 1576 2958 1.
1599 2923 1648 2971 4.
1715 2910 1778 2959 In
1804 2910 1889 2959 the
1913 2910 2008 2959 last
2033 2925 2243 2975 passage
2268 2911 2354 2960 the

1352 2981 1505 3024 terms
1552 2991 1651 3034 are,
1692 2977 2044 3040 principium,
2094 2980 2354 3036 narratio,

1354 3041 1691 3107 confirmatio,
1709 3044 1971 3104 peroratio
1984 3059 2008 3099 ,·
2045 3043 2130 3092 the
2165 3045 2354 3113 refuta-

1352 3108 1423 3156 tio
1446 3107 1505 3156 of
1531 3107 1812 3170 Quintilian
1835 3108 1988 3170 being
2011 3109 2228 3171 brought
2264 3123 2366 3158 un-·

1353 3173 1442 3222 der
1476 3173 1562 3222 the
1596 3173 1745 3222 third.
1810 3175 1893 3223 De
1926 3175 2045 3225 Inv.
2081 3175 2123 3224 1.
2165 3187 2239 3235 14.
2278 3188 2353 3236 19,

1351 3239 1492 3301 gives
1525 3241 1811 3299 exordium,
1838 3242 2098 3300 narratio,
2116 3243 2353 3304 partitio,

1351 3305 1689 3371 confirmatio,
1717 3307 2053 3369 reprehensio,
2087 3308 2353 3357 conclusi0.

1351 3372 1648 3420 Exordium
1677 3372 1721 3420 is
1751 3372 1837 3420 the
1860 3373 2000 3422 word
2033 3373 2255 3438 adopted
2289 3373 2355 3437 by

1351 3452 1412 3486 us
1434 3436 1511 3485 sor
1534 3437 1619 3486 the
1643 3438 1746 3486 first
1781 3445 1905 3502 part.
1986 3439 2048 3487 In
2088 3439 2175 3488 the
2208 3441 2353 3488 Bru·

1349 3510 1447 3562 tus,
1470 3503 1647 3552 Cicero
1677 3503 1870 3553 seldom
1897 3504 2050 3554 refers
2073 3511 2127 3554 to
2151 3506 2236 3554 the
2259 3506 2353 3554 five

1349 3576 1486 3632 parts
1501 3569 1560 3617 of
1577 3585 1641 3618 an
1666 3571 1878 3631 oration,
1895 3586 2012 3634 very
2028 3570 2167 3621 osten
2189 3577 2242 3620 to
2266 3571 2352 3621 the

1346 3635 1443 3683 five
1466 3643 1602 3698 parts
1626 3635 1686 3684 os
1707 3644 1920 3700 oratory.

1417 3702 1824 3753 maximarum:
1849 3703 1911 3751 cf.
1938 3702 1996 3751 de
2020 3704 2111 3754 Or.
2133 3703 2179 3753 I.
2202 3713 2249 3768 5.
2275 3715 2351 3766 19,

1349 3783 1464 3814 cum
1512 3784 1575 3815 ex
1618 3769 1690 3816 eis
1745 3769 1892 3817 rebus
1941 3770 2204 3818 universis
2258 3771 2349 3818 elo-

1349 3834 1560 3895 quentia
1595 3841 1787 3893 constet,
1819 3836 1879 3884 in
1915 3836 2099 3899 quibus
2131 3836 2351 3899 singulis

1349 3899 1612 3946 elaborare
1623 3907 1968 3962 permagnum
1992 3907 2076 3950 est.
