2767 4334
264 382 360 435 138
1227 382 1499 434 CICERO.

361 558 840 633 praetereaque
886 548 1033 613 sine
1078 548 1471 632 adrogantia
1517 548 1738 631 gravis
1788 569 1938 613 esse
1986 549 2341 614 videbatur
2393 557 2460 611 et

361 653 507 717 sine
553 653 844 737 segnitia
872 653 1309 718 verecundus.
1404 652 1540 717 Sed
1585 653 1765 717 hunc
1811 673 2072 736 quoque
2118 652 2460 716 absorbuit

358 766 586 821 aestus
618 757 884 841 quidam
918 756 1226 840 insolitae
1257 756 1799 821 adulescentibus
1832 756 2117 841 gloriae;
2164 756 2277 840 qui
2308 756 2464 839 quia

360 853 633 925 navarat
665 861 855 925 miles
889 881 1158 944 operam
1192 859 1593 944 imperatori,
1629 861 2091 944 imperatorem
2127 880 2199 924 se
2230 861 2457 923 statim

357 985 509 1029 esse
563 965 890 1048 cupiebat,
943 965 1049 1030 cui
1104 965 1363 1028 muneri
1414 984 1558 1028 mos
1608 965 1929 1029 maiorum
1982 974 2269 1028 aetatem
2325 984 2463 1050 cer-

356 1078 513 1146 tam,
536 1079 798 1134 -sortem
836 1069 1160 1134 incertam
1193 1068 1476 1151 reliquit.
1566 1069 1673 1132 Ita
1701 1068 2092 1152 gravissimo
2125 1088 2245 1132 suo
2278 1089 2457 1144 casu,

357 1173 514 1237 dum
548 1173 708 1259 Cyri
740 1182 807 1237 et
840 1172 1209 1237 Alexandri
1243 1172 1478 1237 similis
1512 1192 1662 1236 esse
1694 1172 1919 1249 voluit,
1948 1173 2059 1256 qui
2092 1193 2286 1236 suum
2321 1193 2462 1236 cur-

357 1298 505 1341 sum
537 1286 1088 1354 transcurrerant,
1117 1287 1184 1341 et
1220 1278 1296 1341 L
1327 1276 1555 1342 Crassi
1580 1286 1648 1340 et
1681 1276 2037 1340 multorum
2063 1276 2459 1340 Crassorum

255 1360 330 1415 ⁸²
355 1381 669 1445 inventus
694 1391 798 1445 est
825 1380 1321 1445 dissimillimus
1393 1380 1530 1445 Sed
1554 1382 1638 1444 ad
1665 1380 2116 1444 Calvum—is
2142 1380 2324 1444 enim
2348 1402 2461 1443 no-

255 1430 310 1472 28

311 1441 459 1550 3bis
492 1494 635 1549 erat
666 1486 1589 1568 propositus—revertamur
1684 1484 1818 1568 Qui
1851 1494 2071 1548 orator
2092 1505 2244 1549 cum
2276 1493 2459 1548 esset

354 1589 596 1654 litteris
622 1589 944 1653 eruditior
965 1609 1165 1673 quam
1192 1588 1416 1665 Curi0,
1443 1599 1587 1653 tum
1620 1588 1822 1653 etiam
1854 1589 2232 1653 adcuratius
2258 1591 2462 1672 quod-

353 1695 506 1758 dam
537 1693 799 1758 dicendi
831 1702 900 1757 et
932 1692 1326 1777 exquisitius
1358 1693 1704 1757 adferebat
1736 1713 1950 1776 genus
1973 1714 2004 1784 3-
2028 1694 2204 1776 quod
2236 1714 2462 1776 quam-

354 1819 551 1916 quam
600 1798 892 1863 scienter
951 1796 1425 1881 eleganterque
1485 1798 1835 1874 tractabat,
1886 1795 2165 1861 nimium
2228 1808 2460 1863 tamen

352 1902 693 1986 inquirens
740 1901 809 1966 in
856 1922 929 1965 se
975 1912 1176 1985 atque
1221 1902 1364 1985 ipse
1412 1921 1560 1967 sese
1606 1903 1967 1966 observans
2010 1911 2461 2019 metuensque

352 2027 438 2070 ne
482 2006 794 2071 vitiosum
842 2006 1227 2122 conligeret,
1263 2006 1465 2070 etiam
1513 2026 1743 2070 verum
1791 2006 2186 2089 sanguinem
2232 2007 2463 2089 deper-

351 2110 567 2195 debat.
689 2111 925 2194 Itaque
986 2109 1128 2175 eius
1190 2110 1402 2174 oratio
1462 2110 1668 2174 nimia
1727 2110 2046 2194 religione
2109 2119 2462 2175 attenuata

350 2214 565 2280 doctis
629 2224 697 2278 et
760 2223 1019 2278 attente
1081 2214 1505 2278 audientibus
1570 2224 1712 2278 erat
1776 2214 2116 2291 inlustris;
2191 2235 2230 2279 a
2296 2215 2460 2279 mul-

350 2318 638 2383 titudine
705 2327 929 2383 autem
998 2327 1067 2383 et
1133 2338 1174 2382 a
1237 2318 1403 2395 forO,
1474 2318 1583 2383 cui
1650 2326 1810 2383 nata
1876 2318 2256 2402 eloquentia
2326 2329 2455 2398 est,

349 2420 829 2487 devorabatur)

414 2643 676 2686 navarat.
730 2634 785 2684 in
827 2634 1033 2697 general
1078 2634 1164 2685 the
1207 2636 1349 2685 word
1451 2634 1511 2685 of
1539 2634 1733 2695 Calvus»,
1768 2650 1854 2685 see
1888 2636 2079 2685 Introd.
2105 2636 2224 2687 VII.
2258 2650 2308 2698 4.
2375 2636 2455 2686 Cf.

347 2701 543 2767 implies
577 2699 847 2751 successful
881 2700 1057 2764 effort;
1098 2701 1175 2749 ad
1201 2702 1347 2751 Fam.
1451 2708 1572 2750 note
1595 2702 1649 2751 in
1666 2703 1746 2751 W.
1767 2702 1827 2752 B.
1847 2701 2023 2753 Smith’
2025 2718 2050 2752 s
2066 2703 2267 2752 Brutus
2288 2702 2459 2769 (Lon-

346 2769 435 2816 VI.
467 2780 508 2816 1.
537 2779 581 2831 7,
606 2782 806 2816 navare
827 2766 1041 2831 aliquid
1055 2774 1102 2816 et
1128 2768 1347 2833 efficere:
1452 2769 1572 2827 don,
1601 2766 1775 2832 1871).

347 2834 406 2883 de
431 2833 519 2881 Or.
545 2833 618 2883 11.
646 2845 690 2897 7.
710 2832 788 2892 26,
811 2832 987 2881 videor
1010 2849 1221 2881 navasse
1242 2839 1347 2896 ope·
1515 2803 1871 2884 adcuratius·
1910 2846 1996 2897 30,
2042 2846 2152 2899 277.

347 2915 499 2956 ram‚·
541 2898 793 2963 specially,
820 2898 942 2947 with
977 2912 1208 2964 operam
1245 2899 1349 2948 and
1516 2900 1807 2963 inquirens
1832 2900 1921 2949 in.
1954 2900 2075 2949 Tac.
2102 2902 2269 2950 Germ
2291 2912 2372 2963 34,
2392 2901 2457 2950 in

346 2967 468 3027 datq
486 2967 787 3021 assistance,·
823 2964 900 3012 ad
914 2964 1062 3015 Fam.
1085 2964 1151 3014 X.
1178 2975 1256 3030 25.
1287 2976 1338 3025 13
1447 2981 1496 3014 se
1508 2965 1673 3014 simul
1684 2972 1833 3030 atque
1854 2966 1914 3015 in
1929 2967 2200 3016 Herculem
2222 2963 2454 3031 inquiri.

347 3031 459 3081 XV.
490 3043 563 3079 12.
591 3044 635 3080 2.

413 3096 762 3162 imperatori:
797 3096 994 3146 Caesar.

413 3172 685 3213 aetatem:
747 3178 803 3211 as
848 3178 879 3211 a
913 3163 1036 3223 rule,
1072 3163 1158 3213 the
1192 3162 1346 3227 impe-

346 3230 491 3279 rium
527 3244 629 3278 was
663 3229 812 3292 given
848 3229 967 3293 only
1003 3236 1055 3278 to
1095 3244 1194 3278 one
1230 3229 1346 3277 who

345 3295 448 3344 had
471 3295 685 3344 reached
702 3311 733 3344 a
756 3295 878 3358 high
902 3294 1060 3355 office,
1079 3295 1179 3344 and
1203 3295 1346 3358 eligi-

344 3361 484 3424 bility
508 3368 560 3410 to
585 3361 683 3411 this
717 3360 860 3411 office
882 3376 986 3411 was
1019 3361 1346 3411 conditioned

345 3442 651 3572 fmszgrliern:
691 3494 772 3544 i.e.
797 3493 853 3544 in
876 3493 1103 3558 drawing
1135 3510 1167 3544 a
1197 3509 1343 3559 prov·

343 3575 578 3676 ωἰέειιε
616 3626 684 3675 he
711 3642 815 3676 was
847 3625 1006 3676 killed
1037 3626 1092 3676 in
1124 3626 1211 3675 the
1246 3626 1344 3676 dis-

343 3699 537 3741 astrous
561 3691 801 3741 Parthian
822 3708 940 3751 war,
963 3693 1164 3756 serving
1185 3694 1346 3742 undet

342 3756 421 3804 his
443 3756 620 3815 father,
645 3757 731 3805 the
754 3757 991 3807 triumvir.

409 3816 509 3871 82.
557 3793 672 3882 283.
711 3822 978 3871 Calvum.
1017 3823 1096 3871 for
1119 3823 1204 3871 the
1236 3838 1344 3873 rea-

344 3898 438 3933 son
471 3883 530 3931 os
569 3884 763 3935 Cicero’
763 3901 788 3935 s
827 3887 1096 3951 particular
1131 3894 1345 3939 account

1514 3032 1819 3081 vitiosum:
1858 3047 1927 3081 sc.
1952 3031 2313 3095 sanguinem.

1515 3097 1883 3162 deperdebat.
1916 3097 2453 3164 cf.Quint.X.1.115

1514 3164 1803 3226 religione,
1836 3164 2276 3229 scrupulousnes55
2321 3163 2446 3227 2843

1450 3241 1569 3292 293,
1620 3230 1709 3279 Or.
1733 3228 1779 3278 8.
1807 3241 1888 3295 25,
1904 3246 2079 3279 eorum
2103 3229 2447 3296 [Adicorum]

1448 3295 1692 3358 religioni
1724 3311 1838 3344 cum
1871 3298 2088 3345 serviret
2116 3303 2303 3357 orator,
2338 3298 2455 3346 nul-

1448 3361 1558 3426 lum
1581 3361 1789 3410 verbum
1826 3363 2059 3421 insolens,
2084 3363 2290 3412 nullum
2319 3364 2454 3413 odio-

1446 3443 1561 3475 sum
1584 3434 1778 3491 ponere
1811 3427 2068 3487 audebat,·
2119 3441 2140 3477 1
2153 3441 2195 3477 1.
2235 3429 2324 3493 36,
2380 3429 2446 3479 cf.

1446 3507 1527 3556 44.
1551 3510 1601 3543 n.

1442 3625 1499 3693 fi
1512 3568 1833 3676 επιςὲιιιαια.
1903 3560 2018 3627 (too
2073 3561 2173 3612 fine
2227 3561 2451 3627 drawn),

1500 3642 1621 3675 nica

1512 3692 1797 3744 inlustris.
1834 3693 1899 3744 cf.
1925 3693 2037 3744 262.

1513 3758 1918 3810 devorabatur:
1966 3760 2030 3811 cf.
2066 3760 2187 3825 2363
2240 3761 2365 3812 here
2397 3784 2449 3807 =

1446 3826 1577 3873 ‘was
1599 3825 1883 3875 swallowed
1904 3827 2103 3889 whole,’
2126 3827 2284 3879 heard
2306 3828 2452 3879 with-

1446 3895 1536 3939 out
1557 3889 1650 3939 full
1666 3892 2024 3956 appreciation.
