2767 4334
254 346 260 353 ”
280 337 344 390 18
1245 337 1518 387 CICERO.

364 503 629 585 quidem
662 500 1031 585 perfectum
1059 511 1127 565 et
1153 501 1260 566 cui
1293 501 1457 564 nihil
1490 503 1843 566 admodum
1878 503 2051 567 desit
2087 504 2481 567 Demosthe-

366 628 516 671 nem
567 606 763 671 facile
810 606 1068 670 dixeris.
1182 605 1366 669 Nihil
1417 616 1611 670 acute
1665 606 1947 670 inveniri
1996 607 2214 688 potuit
2265 607 2334 670 in
2384 608 2481 671 eis

365 711 602 788 causiS,
645 732 809 794 quas
857 710 1142 794 scripsit,
1188 710 1370 786 nihil,
1423 719 1495 775 ut
1545 711 1640 774 ita
1685 711 1919 787 dicam,
1971 711 2264 788 subdole,
2313 712 2478 775 nihil

365 807 650 891 versute,
684 816 861 899 quod
892 815 1003 879 ille
1034 835 1168 879 non
1202 815 1480 893 viderit3
1528 815 1690 879 nihil
1735 815 2071 880 subtiliter
2101 815 2280 893 dicit,
2315 816 2506 911 nihil·
2560 844 2566 857 ’

365 908 610 1004 presse,
645 920 808 983 nihil
841 920 1209 995 enucleate,
1245 940 1375 1003 quo
1408 919 1551 983 fieri
1597 919 1810 1002 possit
1857 919 2102 1003 aliquid
2147 907 2482 997 limatius}

367 1024 530 1088 nihil
577 1033 809 1088 contra
856 1025 1129 1107 grande,
1178 1023 1343 1087 nihil
1391 1023 1763 1099 incitatum,
1813 1024 1978 1087 nihil
2026 1033 2332 1088 ornatum
2378 1025 2482 1088 vel

366 1130 714 1192 verborum
761 1129 1091 1211 gravitate
1121 1127 1226 1192 vel
1259 1128 1763 1204 sententiarum,
1799 1149 1931 1211 quo
1976 1128 2330 1212 quicquam
2381 1148 2487 1192 ex-

277 1251 336 1308 36
366 1241 499 1296 stet
538 1232 812 1297 elatius,
911 1231 1092 1296 Huic
1150 1231 1531 1318 Hyperides
1585 1232 1924 1314 proximus
1980 1242 2047 1296 et
2101 1231 2484 1297 Aeschines

364 1335 491 1401 fuit
524 1345 591 1400 et
629 1337 979 1421 Lycurgus
1012 1345 1079 1400 et
1113 1336 1494 1400 Dinarchus
1537 1344 1604 1400 et
1645 1335 1721 1414 is,
1756 1336 1945 1401 cuius
1992 1336 2174 1423 nulla
2217 1345 2484 1400 exstant

366 1441 628 1523 scripta,
665 1440 1022 1516 DemadeS,
1042 1439 1287 1523 aliique
1333 1440 1574 1523 plures,
1673 1441 1866 1506 Haec
1895 1440 2073 1505 enim
2106 1450 2290 1504 aetas
2323 1441 2489 1505 effu-

364 1546 460 1610 dit
507 1544 679 1609 hanc
725 1544 1023 1628 copiam3
1069 1555 1156 1620 et,
1207 1554 1279 1608 ut
1308 1545 1551 1628 'opinio
1598 1565 1747 1608 mea
1791 1545 1941 1621 fert,
1996 1566 2196 1609 sucus
2251 1545 2360 1609 ille
2416 1555 2483 1610 et

366 1650 637 1733 sanguis
691 1649 1114 1732 incorruptus
1168 1669 1379 1733 usque
1433 1650 1516 1713 ad
1568 1650 1738 1714 hanc
1792 1658 2080 1713 aetatem
2143 1660 2483 1743 oratorum

276 1785 334 1829 37
363 1755 510 1831 fuit,
560 1754 628 1817 in
677 1774 807 1837 qua
853 1754 1172 1817 naturalis
1219 1753 1490 1830 inesset,
1545 1775 1679 1817 non
1725 1751 1990 1819 fucatus
2036 1728 2487 1853 nitor.§)‘Pha-

365 1860 582 1923 lereus
615 1859 793 1922 enim
844 1857 1168 1922 successit
1216 1859 1313 1922 eis
1361 1857 1634 1922 senibus
1682 1858 2074 1923 adulescens
2121 1856 2486 1923 eruditissi-

443 2006 783 2056 admodum:
835 2005 898 2054 cf.
939 2018 1049 2064 210,
1088 2005 1254 2056 where
1296 2006 1380 2053 ad-

1550 2006 1627 2069 36.
1665 2006 2015 2070 Hyperides:
2053 2011 2190 2055 most
2206 2006 2486 2070 honorably

380 2072 580 2120 modum
626 2072 866 2136 precedes
914 2072 1057 2120 nihil
1067 2089 1089 2127 ,·
1147 2071 1234 2119 the
1280 2079 1379 2120 two

1482 2073 1665 2121 named
1687 2072 1808 2120 with
1832 2072 2215 2131 DemostheneS,
2244 2072 2352 2134 138.

377 2140 584 2203 phrases
618 2153 702 2186 are
738 2137 870 2185 alike
906 2138 957 2186 in
991 2138 1244 2199 meaning,
1278 2137 1380 2185 and

379 2204 688 2254 admodum
733 2225 783 2246 =
833 2207 917 2252 ‘to
963 2203 1047 2251 the
1078 2204 1199 2269 full
1240 2203 1379 2263 limit,

377 2269 669 2332 absolutely.
679 2271 691 2294 '

445 2336 927 2385 Demosthenem:
967 2350 1051 2384 see
1074 2335 1249 2383 Cicero
1279 2335 1379 2383 and

377 2402 674 2465 Quintilian,
684 2402 895 2464 passim.
919 2400 1030 2449 The
1046 2400 1191 2449 latter
1205 2401 1380 2450 makes

376 2468 528 2530 slight
539 2467 900 2531 qualifications
915 2467 974 2515 of
985 2467 1064 2514 his
1081 2467 1259 2530 praise‚
1275 2483 1378 2530 eg„

376 2534 430 2583 in
455 2533 747 2597 comparing
763 2533 938 2582 Cicero
961 2532 1061 2581 and
1080 2533 1378 2581 Demosthe-

378 2615 481 2658 nes,
506 2600 571 2648 X.
601 2612 642 2648 1.
673 2611 788 2663 1073
839 2599 944 2647 also
979 2598 1100 2647 ΧΙῙ.
1132 2612 1206 2647 10.
1231 2598 1310 2657 26,
1334 2601 1381 2647 si

377 2668 493 2730 quis
532 2666 608 2713 ad
643 2682 726 2713 eas
764 2665 1112 2714 Demosthenis
1150 2666 1380 2724 virtutes,

377 2747 505 2796 quas
530 2733 614 2780 ille
634 2747 864 2779 summus
892 2737 1066 2778 orator
1086 2731 1279 2789 habuit,
1303 2738 1380 2778 ta·

379 2814 491 2845 men
540 2814 670 2861 quae
713 2797 927 2861 defuisse
977 2798 1026 2844 ei
1069 2797 1175 2844 sive
1220 2797 1381 2861 ἱρείης

380 2871 576 2911 natura
610 2879 696 2911 seu
730 2863 828 2926 lege
863 2863 1088 2910 civitatis
1111 2863 1372 2920 videntur,

378 2929 619 2977 adiecerit
681 2934 741 2976 ul
798 2928 1020 2992 adseclas
1080 2929 1379 2976 concitatius

379 3002 585 3043 moveat.
660 2995 755 3042 See
790 2994 895 3041 also
938 2994 1027 3042 Or.
1060 2993 1138 3042 26.
1164 3007 1253 3055 903
1299 3007 1376 3055 29.

384 3074 490 3121 104.

441 3134 699 3175 versute:
743 3126 830 3173 Or.
877 3137 921 3189 7.
965 3139 1043 3184 22,
1083 3133 1281 3174 versute
1321 3142 1380 3173 ac

376 3193 663 3247 subtiliter‚·
718 3191 823 3255 178.
859 3208 909 3240 n.
982 3186 1114 3239 Both
1148 3199 1373 3240 versute

378 3260 477 3307 and
501 3258 737 3307 subdole
757 3273 840 3306 are
857 3257 1081 3319 guarded
1106 3257 1197 3320 (by
1218 3265 1279 3305 ut
1298 3257 1376 3305 ita

378 3324 588 3387 dicam)
619 3324 813 3386 against
836 3340 867 3371 a
888 3323 987 3370 low
1009 3324 1258 3385 meaning.

443 3391 762 3440 enucleate:
797 3401 918 3453 1153
955 3389 1044 3436 Or.
1060 3402 1104 3450 9.
1123 3388 1213 3447 283
1240 3389 1375 3452 pick-

376 3457 464 3518 ing
479 3456 563 3504 the
582 3462 671 3504 nut
689 3455 818 3503 from
837 3455 922 3504 the
942 3454 1085 3514 shell,
1102 3456 1178 3502 τῖε.
1196 3454 1376 3517 clearly

378 3522 658 3584 unfolding.
1018 3533 1026 3540 ·

444 3589 604 3638 dicit:
643 3603 727 3636 see
752 3588 939 3637 textual
963 3594 1122 3635 notes.

444 3663 734 3703 ornatum:
792 3661 881 3701 not
926 3670 994 3701 on
1040 3653 1125 3701 the
1170 3654 1278 3701 side
1325 3653 1383 3700 of

377 3720 555 3784 polish‚
590 3720 713 3768 with
746 3719 1016 3777 limatiuS‚
1057 3718 1146 3766 but
1186 3735 1254 3767 on
1290 3719 1375 3767 the

377 3787 484 3834 side
523 3786 582 3834 of
621 3785 832 3848 dignity,
856 3784 978 3833 with
1017 3786 1227 3847 grande
1274 3785 1376 3833 and

377 3852 600 3901 elatius·

1549 2138 1896 2205 Aeschines:
1939 2137 2075 2203 2853*
2104 2151 2215 2199 290.

1549 2205 1786 2267 scripta:
1844 2203 1908 2252 cf.
1949 2204 2121 2266 Quint.
2169 2205 2238 2252 11.
2286 2216 2359 2267 17.
2407 2216 2485 2266 13,

1484 2286 1643 2333 neque
1686 2271 1827 2318 enim
1868 2271 2121 2318 orationes
2165 2271 2381 2318 scribere
2418 2277 2491 2319 est

1482 2352 1678 2392 ausus,·
1715 2336 1835 2384 XII.
1866 2347 1940 2383 10.
1964 2350 2045 2397 49.

1547 2410 1736 2451 aetas:
1776 2401 1838 2450 cf.
1863 2401 2036 2464 Quint.
2061 2400 2126 2450 X.
2150 2414 2193 2450 1.
2220 2401 2296 2465 76,
2319 2404 2485 2465 sequi-

1482 2474 1574 2515 tur
1618 2475 1882 2517 oratorum
1941 2469 2120 2531 ingens
2175 2483 2380 2527 manus,
2429 2475 2490 2516 ut

1482 2549 1596 2582 cum
1616 2534 1777 2581 decem
1801 2534 1965 2581 simul
1975 2534 2189 2582 Athenis
2212 2540 2350 2582 aetas
2374 2550 2485 2582 una

1481 2600 1673 2647 tulerit.
1759 2599 2037 2661 Quintilian
2094 2599 2289 2647 follows
2343 2615 2483 2647 more

1483 2665 1733 2728 explicitly
1768 2665 1889 2713 than
1929 2665 2107 2714 Cicero
2147 2665 2231 2713 the
2271 2665 2487 2714 Alexan-

1484 2732 1626 2779 drian
1683 2731 2029 2779 enumeration
2075 2731 2134 2780 of
2181 2732 2291 2779 Ten
2348 2731 2486 2779 Attio

1482 2796 1705 2855 OratorS,
1751 2797 1917 2845 which
1974 2797 2225 2856 included,
2283 2797 2487 2846 besides

1484 2862 1627 2911 those
1645 2863 1704 2911 of
1722 2879 1812 2911 our
1832 2869 1949 2922 text,
1967 2863 2248 2927 Antiphon,
2266 2862 2487 2911 Andoci-

1482 2928 1586 2987 des,
1607 2928 1707 2976 and
1732 2929 1919 2987 Isaeus,
1939 2928 2039 2976 and
2065 2928 2153 2977 did
2176 2936 2264 2976 not
2281 2928 2485 2977 include

1481 2995 1753 3053 Demades,
1778 2998 1792 3021 ‘
1807 2994 1921 3042 who
1944 2994 2034 3042 left
2057 3009 2125 3042 no
2147 2994 2401 3056 writings.'

1547 3074 1738 3118 εοεαε,
1760 3060 1910 3124 juice
1927 3076 1948 3109 .·
1982 3059 2040 3108 de
2071 3061 2160 3108 Or.
2188 3060 2257 3108 II.
2284 3073 2361 3107 21.
2388 3059 2453 3108 88
2463 3078 2477 3119 ;

1483 3126 1550 3173 ΙΙ.
1578 3139 1655 3174 22.
1680 3138 1768 3187 93;
1814 3126 1914 3174 ΙΙΙ.
1934 3137 2012 3190 25.
2037 3125 2126 3186 96;
2174 3126 2263 3173 Or.
2284 3137 2363 3187 23.
2387 3125 2476 3188 763

1481 3191 1653 3254 Quint.
1678 3193 1741 3240 X.
1772 3204 1813 3239 1.
1840 3204 1917 3253 31.

1545 3258 1815 3319 sanguis:
1855 3257 1941 3316 68;
1988 3256 2107 3318 283;
2163 3257 2240 3304 ad
2264 3259 2367 3305 Att.
2393 3256 2486 3305 IV.

1484 3323 1557 3372 18.
1584 3336 1629 3382 2,
1653 3339 1830 3371 sucum
1867 3331 2016 3386 alque
2036 3325 2344 3386 sanguinem
2360 3339 2384 3377 ,·
2421 3323 2487 3372 cf.

1487 3391 1574 3438 Or.
1601 3401 1678 3452 23.
1706 3389 1782 3453 76.

1545 3457 1798 3504 fucatus:
1838 3455 1901 3504 cf.
1926 3454 2043 3514 1623
2087 3455 2147 3502 de
2163 3457 2279 3502 Am.
2304 3466 2383 3519 25.
2403 3466 2487 3518 95,

1547 3599 1626 3651 37.
1669 3588 2011 3636 Phalereus:
2071 3586 2136 3634 cf.
2190 3585 2310 3650 2853
2377 3585 2488 3634 also

1481 3654 1536 3701 in
1589 3654 1678 3702 Or.
1727 3666 1806 3717 27.
1856 3666 1923 3715 94
1968 3652 2132 3701 called
2179 3651 2362 3716 simply
2408 3652 2492 3700 the

1466 3523 1652 3586 fucata
1678 3528 1725 3568 el
1744 3521 2007 3569 simulata.

1437 3732 1443 3738 ·
1478 3720 1781 3769 Phalerean.

1543 3785 1727 3833 enim:
1783 3785 2028 3848 referring
2073 3791 2125 3833 to
2170 3798 2353 3847 usque
2406 3782 2487 3849 (=

1480 3850 1623 3913 ‘only
1646 3866 1703 3899 so
1727 3850 1802 3899 far
1819 3850 1879 3912 ').
