2767 4334
1323 323 1612 375 BRUTUS.
2467 327 2559 379 121

361 486 603 563 tentiis,
642 493 711 551 et
759 484 1111 570 splendore
1147 470 1330 553 vocis
1362 496 1434 556 et
1472 487 1803 572 dignitate
1840 496 2063 554 motus
2100 489 2178 555 fit
2195 491 2470 602 specio-

362 612 509 656 sum
543 600 612 656 et
644 588 925 655 inlustre
966 590 1142 675 quod
1177 590 1380 670 dicit;
1430 592 1784 676 omniaque
1828 592 1925 658 sic
1971 568 2339 678 suppetunt
2386 605 2460 662 ut

361 698 423 761 ei
468 694 715 760 nullam
754 696 988 760 deesse
1032 694 1350 762 virtutem
1397 696 1679 761 oratoris
1723 706 1994 780 putem;
2041 699 2459 818 maximeque

359 801 728 866 laudandus
760 809 883 879 est,
918 801 1032 886 qui
1062 801 1188 870 hoc
1219 809 1522 884 tempore
1558 801 1721 886 ipso,
1755 803 1932 886 quod
1967 801 2185 882 liceat,
2220 805 2289 870 in
2332 806 2460 871 hoc

362 908 698 974 communi
739 916 969 972 nostro
1006 915 1076 971 et
1117 907 1306 991 quasi
1343 905 1531 972 fatali
1571 907 1743 971 malo
1784 906 2165 972 consoletur
2197 929 2270 974 se
2306 930 2458 974 cum

359 1013 770 1080 conscientia
815 1013 1106 1097 optimae
1160 1013 1405 1077 mentis
1457 1021 1602 1077 tum
1652 1012 1854 1077 etiam
1912 990 2343 1096 usurpatione
2391 1023 2457 1081 et

359 1087 788 1185 renffii'a'fione
811 1118 1169 1183 doctrinae.
1220 1117 1380 1182 Vidi
1415 1117 1591 1182 enim
1627 1117 1976 1203 Mytilenis
2010 1138 2225 1202 nuper
2245 1119 2457 1184 virum

358 1233 576 1308 atque,
613 1232 686 1288 ut
720 1223 872 1300 dixi,
898 1222 1034 1287 vidi
1065 1221 1261 1306 plane
1291 1222 1524 1288 virum.
1623 1223 1859 1306 Itaque
1892 1243 2042 1288 cum
2078 1243 2228 1288 eum
2260 1232 2462 1289 antea

358 1328 457 1392 tui
495 1327 780 1393 similem
822 1327 894 1391 in
929 1326 1211 1392 dicendo
1242 1325 1541 1403 viderim,
1575 1334 1718 1391 turn
1750 1347 1908 1391 vero
1941 1347 2121 1392 nunc
2152 1348 2193 1391 a
2222 1327 2461 1392 doctis·

358 1432 527 1496 simo
571 1432 713 1521 viro
758 1431 1030 1516 tibique,
1067 1440 1140 1495 ut
1188 1429 1505 1507 intellexi,
1548 1430 1952 1495 amicissimo
2000 1430 2321 1514 Cratippo
2367 1431 2461 1495 in-

356 1546 688 1602 structum
733 1535 918 1600 omni
964 1535 1154 1619 copia
1198 1534 1410 1598 multo
1446 1532 1752 1599 videbam
1797 1533 2223 1600 similiorem.'
2319 1536 2455 1601 Hic
2476 1563 2559 1611 251

357 1660 499 1724 ego,
538 1648 555 1676 ‘
580 1637 772 1717 Etsi:
805 1639 1095 1724 inquam,
1130 1646 1150 1677 ⁴
1168 1639 1251 1703 de
1288 1638 1523 1723 optimi
1556 1638 1680 1704 viri
1716 1639 2041 1723 nobisque
2071 1638 2458 1705 amicissimi

356 1744 663 1809 laudibus
721 1742 1009 1809 libenter
1065 1743 1281 1820 audi0‚
1330 1753 1557 1808 tamen
1618 1742 1880 1808 incurro
1941 1743 2010 1807 in
2072 1744 2457 1808 memoriam

356 1847 807 1914 communium
862 1847 1294 1925 miseriarum,
1347 1867 1625 1931 quarum
1681 1846 2082 1913 oblivionem
2130 1868 2457 1931 quaerens

355 1954 535 2019 hunc
588 1952 807 2037 ipsum
852 1972 1225 2018 sermonem
1275 1951 1555 2034 produxi
1604 1951 1888 2035 longius,
1985 1951 2120 2017 Sed
2166 1953 2249 2018 de
2297 1952 2461 2018 Cae-

356 2078 502 2122 sare
555 2057 751 2141 cupio
803 2056 1048 2133 audire,
1104 2055 1264 2140 quid
1316 2056 1588 2120 tandem
1642 2055 1920 2120 Atticus
1981 2055 2269 2121 iudicet.'
2365 2058 2453 2121 Et
2485 2065 2558 2120 72

355 2161 482 2239 ille,
522 2168 538 2197 ‘
564 2159 943 2238 Praeclare,’
978 2160 1215 2244 inquit,
1253 2160 1413 2225 ‘tibi
1445 2169 1736 2237 constaS,
1768 2170 1842 2224 ut
1875 2160 1958 2224 de
1989 2159 2087 2225 eis
2125 2160 2237 2245 qui
2277 2181 2456 2226 nunc

356 2267 489 2330 sint
536 2264 702 2329 nihil
738 2265 905 2330 velis
945 2264 1090 2348 ipse
1127 2264 1388 2342 dicere3
1434 2272 1501 2328 et
1546 2264 1814 2328 hercule
1856 2264 1911 2328 si
1949 2264 2046 2329 sic
2092 2284 2346 2348 ageres,
2382 2273 2455 2329 ut

356 2370 440 2435 de
476 2370 574 2435 eis
611 2369 811 2453 egisti
851 2367 969 2453 qui·
1007 2368 1139 2433 iam
1175 2368 1423 2433 mortui
1465 2378 1642 2445 sunt,
1677 2367 2013 2432 neminem
2062 2378 2134 2432 ut
2174 2377 2458 2452 praeter-

355 2474 676 2550 mitteres,
711 2494 797 2539 ne
843 2481 919 2537 tu
966 2473 1034 2536 in
1081 2472 1329 2536 multos
1366 2472 1739 2536 Autronios
1783 2481 1851 2536 et
1892 2471 2203 2537 Staienos
2246 2473 2457 2538 incur·

354 2598 551 2644 reres.
648 2578 800 2662 Qua
829 2599 918 2654 re,
955 2577 1096 2642 sive
1130 2577 1302 2641 hanc
1346 2577 1612 2641 turbam
1661 2572 1960 2660 effugere
2000 2575 2269 2642 voluisti
2317 2578 2457 2643 sive

353 2684 607 2748 veritus
645 2702 717 2746 es
757 2703 842 2747 ne
878 2681 1026 2766 quis
1069 2701 1144 2746 se
1179 2691 1294 2746 aut
1333 2681 1767 2764 praeteritum
1809 2691 1922 2745 aut
1961 2702 2095 2745 non
2129 2681 2293 2746 satis
2325 2665 2458 2746 lau-

354 2788 582 2851 datum
629 2786 815 2870 queri
860 2796 1111 2870 posset,
1147 2787 1230 2851 de
1278 2785 1567 2851 Caesare
1611 2793 1836 2849 tamen
1885 2785 2165 2869 potuisti
2210 2786 2449 2863 dicere,

354 2971 621 3039 especially
659 2982 770 3038 173,
804 2971 972 3023 creber
1003 2974 1066 3023 in
1098 2973 1353 3039 reperien-

532 3038 841 3089 .sententiis.

420 3105 778 3170 speciosum.
817 3102 882 3154 cf.
907 3117 1019 3154 220.

420 3177 763 3235 suppetunt.
825 3171 932 3220 Liv.
990 3170 1078 3222 IV.
1136 3183 1230 3233 223
1289 3171 1353 3220 cf.

354 3237 685 3301 suppeditare.

419 3304 602 3367 quod:
641 3302 938 3363 restrictive3
981 3302 1045 3352 cf.
1068 3302 1263 3354 deFin.
1283 3303 1352 3352 II.

355 3383 399 3433 3.
427 3382 470 3435 7,
495 3370 634 3435 quod
655 3370 851 3426 sciam,·
896 3369 973 3417 ad
996 3369 1143 3419 Fam.
1184 3370 1273 3419 IV.
1308 3382 1351 3417 2.

354 3452 410 3498 4;
453 3438 604 3486 XIII.
632 3450 711 3501 23.
738 3449 785 3487 2.

419 3505 590 3565 fatali,
600 3504 756 3571 fated
774 3503 891 3568 (not
911 3502 1068 3568 fatal,
1091 3509 1268 3567 except
1299 3501 1353 3549 in

352 3580 530 3638 poetry
547 3573 649 3622 and
666 3572 790 3622 later
803 3568 1007 3635 prose);
1043 3569 1103 3617 in
1126 3570 1230 3616 Cat.
1251 3568 1351 3617 ΙΙΙ.

353 3654 402 3700 4.
438 3652 486 3701 9,
520 3639 688 3688 where
725 3638 790 3688 cf.
829 3655 890 3688 ex
915 3637 1052 3714 fatis
1089 3635 1356 3699 Sibyllinis

351 3705 783 3769 haruspicumque
817 3704 1062 3769 responsis
1084 3702 1207 3752 with
1239 3702 1353 3750 dix-

354 3772 445 3821 isse
463 3770 682 3837 fatalem
710 3770 849 3820 hunc
876 3785 1079 3820 annum
1103 3785 1220 3829 esse3
1263 3768 1353 3816 IV.

356 3848 400 3888 1.
425 3850 471 3886 2.

1522 2973 1690 3037 plane
1713 2972 1926 3023 virum:
1966 2971 2030 3021 cs.
2055 2972 2171 3022 Sen.
2205 2971 2283 3021 ad
2307 2973 2454 3023 Helv.

1456 3039 1549 3088 IX.
1561 3054 1610 3100 4,
1624 3040 1826 3088 Brutus
1838 3039 1898 3086 in
1913 3054 1964 3087 eo
1978 3037 2109 3086 libro
2127 3054 2270 3102 quem
2284 3039 2341 3087 de
2353 3040 2460 3088 vir-⁵

1455 3111 1558 3153 tute
1575 3105 1848 3168 composuit
1869 3105 1950 3152 ait
1973 3120 2021 3151 se
2047 3105 2360 3153 Marcellum
2385 3106 2459 3154 vi-

1456 3171 1581 3218 disse
1600 3171 1866 3232 Mytilenis
1883 3169 2197 3220 exsulantem
2217 3178 2276 3231 et,
2296 3187 2460 3235 quan·

1454 3244 1563 3285 tum
1579 3235 1717 3283 modo
1734 3242 1929 3284 natura
1945 3236 2083 3285 homi
2085 3253 2169 3286 nis
2171 3244 2458 3302 pateretur

1457 3302 1732 3350 beatissime
1758 3303 2006 3352 viventem
2031 3320 2190 3368 neque
2212 3319 2456 3369 umquam

1457 3368 1768 3432 cupidiorem
1794 3369 2043 3417 bonarum
2068 3371 2283 3429 artium.

1523 3447 1633 3500 251.
1669 3436 1943 3500 produxi:
1997 3437 2056 3487 de
2092 3425 2449 3555 Sen.14.46;

1457 3502 1586 3550 Hor.
1614 3502 1720 3551 Sat.
1746 3502 1785 3550 1.
1815 3514 1861 3579 5.
1889 3513 1965 3566 70.

1524 3565 1621 3621 72.
1669 3568 1790 3617 ille:
1827 3570 1861 3617 i.
1864 3586 1903 3618 e.
1930 3571 2123 3622 Brutus.

1520 3642 1783 3684 constas.
1817 3640 1921 3698 pro
1951 3634 2059 3684 Clu.
2086 3647 2167 3683 22.
2195 3633 2283 3695 60,
2327 3632 2456 3683 Hor.

1455 3701 1615 3764 Ep.1.
1645 3713 1721 3762 14.
1753 3698 1835 3760 16;
1877 3702 1942 3749 A.
1964 3701 2023 3749 P.
2054 3711 2161 3764 127.

1520 3766 1690 3815 nihilz
1731 3778 1843 3829 231.

1429 3877 1432 3880 .
1524 3832 1833 3882 Autronios
1851 3848 1864 3882 ε
1903 3842 2017 3893 244.
