2767 4334
1201 400 1490 451 BRUTUS.
2379 399 2440 450 21

241 568 370 632 iam
423 567 721 640 Graecia,
755 577 984 630 nostra
1033 575 1255 630 autem
1308 565 1579 630 civitate
1629 587 1764 628 non
1811 565 1906 629 ita
1945 565 2199 648 pridem
2247 567 2358 630 do-

241 672 498 736 minatu
560 671 741 754 regio
801 670 1094 734 liberata.
1181 671 1378 733 ‘Nam
1407 676 1412 683 ’
1440 669 1689 733 bellum
1734 669 2132 753 Volscorum
2195 670 2355 733 illud

242 776 732 859 gravissimum,
761 775 867 839 cui
917 773 1309 839 Coriolanus
1357 773 1544 837 exsul
1591 773 1915 850 interfuit,
1951 775 2183 837 eodem
2216 774 2396 838 fere·

244 892 544 963 tempore
585 901 715 963 quo
765 880 1110 942 Persarum
1160 877 1409 941 bellum
1458 877 1625 955 fuit;
1673 877 2040 960 similisque
2087 877 2357 959 fortuna

243 985 567 1048 clarorum
600 984 907 1058 virorum,
944 982 999 1046 si
1032 982 1297 1065 quidem
1332 991 1610 1064 uterque
1654 976 1804 1044 cum
1837 981 1998 1046 civis
2045 982 2355 1065 egregius
2386 1012 2443 1055 42

245 1088 506 1165 fuisset,
533 1087 761 1170 populi
793 1087 1037 1169 ingrati
1070 1085 1302 1169 pulsus
1335 1084 1576 1152 iniuria
1607 1107 1679 1149 se
1711 1087 1793 1148 ad
1825 1085 2040 1150 hostis
2072 1073 2354 1150 contulit
2431 1118 2435 1122 Δ

244 1201 690 1274 conatumque
736 1191 1116 1254 iracundiae
1162 1209 1322 1253 suae
1368 1199 1581 1253 morte
1629 1190 1903 1253 sedavit.
2007 1191 2180 1253 Nam
2228 1191 2356 1254 etsi

243 1297 438 1359 aliter
483 1304 584 1359 est
631 1296 806 1378 apud
853 1304 939 1370 te,
976 1294 1229 1370 Attice,
1263 1295 1346 1357 de
1396 1293 1767 1370 Coriolan0,
1803 1295 2093 1358 concede
2129 1304 2356 1405 tamen

245 1409 318 1464 ut
352 1399 506 1464 huic
538 1398 767 1483 generi
799 1399 1032 1463 mortis
1065 1399 1289 1481 potius
1321 1397 1698 1462 adsentiar!

331 1504 432 1567 At
464 1503 573 1567 ille
607 1502 828 1566 ridens
865 1510 881 1538 ‘
905 1504 1053 1567 Tuo
1084 1502 1282 1579 ver0,'
1320 1503 1553 1586 inquit,
1592 1503 1950 1567 ‘arbitratu
1980 1525 1994 1581 ;
2040 1504 2348 1586 quoniam
2371 1513 2442 1567 11

156 1648 170 1657 -
244 1608 511 1692 quidem
559 1628 952 1672 concessum
1000 1616 1103 1671 est
1151 1607 1530 1670 rhetoribus
1573 1607 1883 1670 ementiri
1927 1607 1993 1670 in
2043 1608 2354 1684 historiis,

245 1722 320 1776 ut
352 1712 599 1795 aliquid
631 1712 852 1775 dicere
883 1711 1145 1794 possint
1177 1710 1497 1793 argutius.
1595 1711 1693 1776 Ut
1741 1711 1919 1774 enim
1951 1720 2026 1774 tu
2057 1732 2235 1776 nunc
2277 1713 2358 1775 de

249 1815 622 1891 Coriolan0,
659 1815 754 1879 sic
804 1815 1200 1891 Clitarchus,
1236 1815 1332 1879 sic
1367 1814 1732 1879 Stratocles
1777 1816 1861 1878 de
1905 1816 2358 1880 Themistocle

246 1921 459 1984 finxit.
555 1921 730 1983 Nam
777 1940 975 2003 quem
1008 1919 1455 2005 ThucydideS,
1489 1918 1601 2002 qui
1633 1929 1701 1983 et
1733 1918 2176 1983 Atheniensis
2220 1931 2358 1984 erat
2391 1952 2448 1995 43

248 2033 319 2089 et
382 2044 641 2087 summo
701 2023 847 2087 loco
900 2031 1099 2086 natus
1150 2043 1581 2106 summusque
1630 2022 1730 2086 vir
1778 2032 1844 2086 et
1898 2023 2095 2105 paulo
2141 2034 2361 2087 aetate

248 2127 594 2211 posterior,
628 2136 892 2191 tantum
939 2127 1154 2191 morbo
1200 2136 1535 2190 mortuum
1585 2126 1849 2209 scripsit
1897 2136 1963 2191 et
2010 2127 2078 2190 in
2126 2127 2362 2192 Attica

248 2232 419 2296 clam
451 2231 796 2295 humatum
823 2231 1204 2314 addiditque
1232 2230 1443 2294 fuisse
1475 2231 1921 2313 suspicionem
1945 2253 2204 2295 veneno
2238 2232 2362 2296 sibi

249 2336 656 2402 conscivisse
687 2344 989 2410 mortem,
1015 2335 1194 2398 hunc
1227 2334 1340 2397 isti
1365 2334 1570 2410 aiunt,
1599 2355 1749 2397 cum
1779 2345 2040 2399 taurum
2074 2336 2364 2405 immola-

250 2440 476 2515 visset,
512 2439 852 2522 excepisse
895 2438 1289 2522 sanguinem
1322 2447 1553 2520 patera
1598 2447 1664 2500 et
1712 2458 1791 2502 eo
1838 2449 1996 2521 poto
2027 2451 2361 2504 mortuum

252 2544 640 2608 concidisse.
761 2544 958 2607 Hanc
1020 2543 1199 2606 enim
1264 2550 1547 2605 mortem
1610 2542 1938 2607 rhetorice
1992 2552 2058 2607 et
2111 2545 2364 2627 tragice

252 2668 488 2711 ornare
533 2657 915 2730 potuerunt,
970 2646 1081 2710 illa
1133 2667 1312 2709 mors
1367 2645 1652 2729 volgaris
1703 2646 1949 2710 nullam
2004 2650 2362 2730 praebebat

316 2859 594 2910 interfuitz
630 2870 726 2908 Re.
751 2858 865 2921 489.
1415 2857 1731 2909 Clitarchus
1761 2894 1773 2908 .
1807 2894 1820 2908 .
1854 2895 1866 2907 .
1896 2859 2228 2909 Stratocles:
2256 2867 2354 2910 two

315 2926 518 2975 eodem
568 2926 680 2974 fere
737 2932 1020 2990 tempore:
1082 2924 1247 2972 Mara·
1348 2924 1538 2971 writers
1568 2923 1628 2972 os
1656 2939 1723 2971 no
1756 2925 1891 2986 good
1914 2932 2106 2988 repnte,
2132 2933 2351 2974 contem-

246 2992 391 3048 thon,
418 3002 513 3039 ΒΕ.
536 3003 650 3052 490.
1350 2990 1572 3053 poraries
1594 2989 1652 3038 of
1670 2990 1967 3039 Alexander.

314 3056 634 3119 similisque
707 3056 960 3106 fortuna:
1030 3055 1251 3104 Themis-
1417 3068 1496 3118 43
1544 3056 1938 3117 Thucydides:
2011 3056 2054 3105 1.
2129 3056 2234 3119 138.
2305 3070 2352 3123 5,

245 3122 404 3172 tocles
443 3122 544 3170 and
580 3122 873 3171 Coriolanus
912 3137 997 3171 are
1035 3121 1251 3183 brought
1353 3121 1569 3179 νοσήσας
1594 3121 1646 3170 δὲ
1670 3120 1885 3186 τελευτᾷ
1908 3123 1996 3171 τὸν
2019 3121 2146 3181 βίον,
2170 3130 2263 3172 etc.

246 3188 494 3250 together,
527 3188 652 3247 als0,
686 3189 745 3238 de
775 3191 895 3237 Am.
935 3201 1010 3236 12.
1043 3200 1132 3250 423
1186 3187 1248 3236 cf.
1418 3188 1616 3252 pauloz
1655 3203 1753 3236 one
1778 3202 1956 3236 reason
1980 3189 2058 3237 for
2091 3188 2170 3237 his
2200 3190 2355 3253 being

245 3255 323 3303 ad
339 3258 441 3302 Aet.
467 3255 560 3303 IX.
590 3267 663 3302 10.
689 3267 733 3317 3.
1350 3269 1490 3303 more
1516 3254 1845 3316 trustworthy.

311 3333 394 3382 42.
429 3320 582 3385 apud
620 3328 704 3370 te:
759 3320 811 3369 in
858 3320 944 3369 the
979 3318 1212 3369 Annalis
1225 3335 1250 3376 ,⁶
1419 3322 1645 3369 morbo:
1684 3321 1851 3369 added
1875 3320 1941 3383 by
1956 3321 2012 3369 B.
2032 3321 2075 3370 &
2097 3321 2164 3369 K.
2192 3329 2241 3369 et
2265 3322 2352 3384 aL,

246 3387 312 3436 cf.
344 3398 417 3449 13.
1350 3392 1404 3435 to
1428 3387 1594 3435 match
1617 3387 1703 3437 the
1726 3388 1986 3451 participle
2010 3387 2062 3436 in
2085 3388 2172 3438 the
2196 3389 2352 3437 above

310 3460 611 3502 conatum:
672 3452 759 3501 the
804 3452 934 3514 Eng.
982 3451 1250 3500 derivative
1352 3454 1613 3517 quotation
1640 3454 1765 3502 from
1791 3457 1876 3504 the
1901 3455 2083 3505 Greek.

243 3520 488 3578 conative,
513 3534 544 3567 a
566 3519 862 3580 recognized
887 3525 1012 3566 term
1039 3518 1092 3566 in
1123 3518 1250 3581 phil·
1419 3521 1529 3569 sibi
1583 3523 1935 3573 conscivisse
1993 3532 2265 3573 mortem:
2323 3541 2354 3573 a

242 3586 456 3650 osophy,
481 3585 524 3634 is
546 3585 804 3650 acquiring
825 3585 932 3634 also
964 3600 995 3633 a
1024 3584 1167 3648 place
1197 3584 1251 3633 in
1351 3600 1585 3634 common
1619 3588 1800 3651 phrase
1810 3607 1824 3647 ;
1867 3590 1952 3638 the
1973 3592 2092 3638 verb
2116 3613 2163 3634 =
2191 3598 2241 3639 to
2264 3592 2353 3639 ad-

241 3668 506 3717 grammar.
1348 3651 1526 3715 judge,
1551 3654 1653 3702 and
1688 3655 1808 3702 with
1842 3655 2004 3703 reflex.
2042 3656 2140 3705 dat.
2179 3664 2229 3705 to
2272 3660 2353 3706 in-

313 3717 414 3772 11.
465 3718 751 3769 ementiri:
823 3718 876 3767 in
933 3717 1020 3766 the
1074 3716 1251 3765 milder
1348 3718 1483 3781 flict.
1552 3719 1628 3768 Cf.
1676 3721 1895 3780 sciscere,
1934 3722 2037 3771 and
2085 3724 2266 3772 scitum
2300 3725 2354 3773 in

244 3800 408 3843 sense,
432 3784 536 3834 like
561 3785 718 3833 finxit
740 3784 920 3833 below.
1344 3783 1682 3847 plebiscitum.

311 3850 588 3912 argutiae,
625 3866 762 3898 more
807 3850 1008 3914 racily:
1043 3848 1106 3897 cf.
1154 3860 1240 3913 533
1418 3850 1541 3899 isti:
1591 3857 1977 3915 contemptuous
2011 3868 2124 3914 use3
2180 3854 2247 3906 cf.
2284 3855 2347 3906 R.

253 3916 343 3966 Or.
369 3915 448 3965 28.
472 3915 553 3979 98.
1353 3927 1499 3982 2259.
