2767 4334
209 357 305 412 108
1171 359 1445 412 CICERO.

305 523 570 603 ferrem,
605 522 734 588 nisi
764 521 964 588 nimis
994 524 1290 609 equestri
1321 522 1539 588 ordini
1575 523 1839 588 deditus
1865 532 1911 587 'a
1939 532 2179 589 senatu
2209 524 2411 589 disse·-

306 630 535 695 disset.
623 628 745 695 Cn.
782 628 1178 707 Carbonem,
1215 629 1307 693 M.
1345 626 1654 705 Marium,
1688 635 1755 692 et
1787 647 1871 693 ex
1899 627 2132 694 eodem
2164 648 2410 713 genere

303 735 659 820 compluris
712 736 987 801 minime
1038 735 1278 821 dignos
1331 732 1662 819 elegantis
1715 743 2086 798 conventus
2138 734 2408 799 auribus

306 841 691 925 aptissimos
765 841 1049 927 cognovi
1124 839 1531 907 turbulentis
1606 839 2073 918 contionibus;
2145 861 2276 924 quo
2335 841 2405 905 in

303 966 572 1031 genere,
620 955 696 1011 ut
756 946 826 1010 in
879 946 984 1012 his
1039 947 1423 1030 perturbem
1474 955 1770 1011 aetatum
1824 946 2146 1023 ordinem,
2197 967 2411 1030 nuper

216 1137 223 1140 .
311 1052 388 1116 L.
439 1049 803 1135 Quinctius
845 1047 1016 1129 fuit,
1068 1050 1285 1136 aptior
1328 1051 1533 1117 etiam
1582 1050 1930 1116 Palicanus
1976 1052 2245 1117 auribus
2292 1052 2409 1117 im·

207 1156 685 1240 ae4peritorum.
780 1156 871 1220 Et
902 1155 1215 1239 quoniam
1252 1156 1450 1221 huius
1487 1155 1753 1241 generis
1787 1154 1967 1222 facta
1997 1157 2251 1222 mentio
2281 1166 2406 1235 est,

308 1259 774 1326 seditiosorum
799 1260 1093 1324 omniurn
1125 1270 1278 1345 post
1305 1260 1643 1327 Gracchos
1678 1263 1752 1327 L.
1782 1261 2159 1346 Appuleius
2186 1262 2412 1328 Satur·

307 1366 507 1431 ninus
539 1364 1129 1449 eloquentissimus
1166 1365 1350 1430 visus
1390 1375 1515 1442 est,
1549 1366 1763 1450 magis
1810 1366 2034 1450 specie
2066 1375 2291 1431 tamen
2336 1375 2407 1431 et

307 1479 493 1535 motu
530 1479 732 1553 atque
768 1469 915 1554 ipso
952 1469 1200 1536 amictu
1239 1470 1546 1554 capiebat
1584 1470 1890 1536 homines
1926 1491 2123 1555 quam
2159 1480 2275 1535 aut
2316 1471 2410 1535 di-

307 1574 500 1639 cendi
534 1573 725 1658 copia
753 1584 869 1639 aut
902 1574 1360 1640 mediocritate
1400 1574 1811 1659 prudentiae.
1908 1575 2144 1660 Longe
2180 1585 2406 1641 autem

306 1689 460 1763 post
492 1689 687 1744 natos
728 1678 1035 1744 homines
1077 1678 1609 1763 improbissimus
1644 1680 1716 1745 C.
1755 1678 2074 1745 Servilius
2107 1678 2404 1758 Glaucia,

308 1783 426 1847 sed
468 1792 827 1866 peracutus
867 1792 936 1847 et
975 1782 1253 1849 callidus
1299 1805 1451 1849 curn
1497 1783 1862 1868 primisque
1905 1783 2241 1850 ridiculus.
2336 1785 2408 1849 Is

306 1906 388 1951 ex
418 1887 697 1952 summis
729 1896 798 1952 et
828 1887 1139 1953 fortunae
1171 1898 1240 1954 et
1267 1888 1446 1952 vitae
1477 1888 1785 1953 sordibus
1818 1888 1887 1953 in
1917 1898 2229 1972 praetura
2259 1909 2411 1954 con-

307 1991 405 2055 sul
440 1990 659 2055 factus
691 2001 890 2068 esset,
925 1992 982 2057 si
1015 1992 1341 2057 rationem
1373 1992 1518 2058 eius
1549 1992 1779 2058 haberi
1812 1991 2012 2058 licere
2043 1992 2406 2058 iudicatum

306 2104 530 2174 esset;
584 2116 738 2160 nam
784 2105 854 2161 et
899 2096 1165 2179 plebem
1219 2098 1495 2162 tenebat
1548 2106 1615 2162 et
1670 2107 2052 2181 equestrem
2106 2097 2406 2163 ordinem

304 2199 631 2265 beneficio
683 2200 852 2284 legis
896 2200 1301 2292 devinxerat.
1400 2202 1469 2265 Is
1523 2211 1791 2285 praetor
1834 2203 2069 2266 eodem
2114 2201 2239 2279 die,
2274 2222 2408 2285 quo

307 2303 711 2369 Saturninus
749 2304 1057 2370 tribunus
1103 2304 1337 2390 plebiS,
1373 2306 1591 2370 Mario
1626 2315 1696 2370 et
1742 2304 1984 2371 Flacco
2020 2305 2409 2372 consulibus

306 2408 597 2491 publice‘
622 2418 727 2474 est
779 2408 1218 2488 interfectus3
1284 2410 1485 2474 homo
1540 2409 1915 2474 simillimus
1957 2410 2409 2475 Atheniensis

308 2513 699 2599 Hyperboli,
756 2513 945 2578 cuius
998 2513 1492 2597 improbitatem
1540 2523 1803 2579 veteres
1864 2513 2245 2578 Atticorum
2307 2534 2413 2580 co-

204 2644 288 2691 225
304 2617 601 2682 moediae
634 2627 1050 2682 notaverunt.
1119 2618 1308 2701 Quos
1344 2618 1493 2683 Sex.
1522 2617 1745 2682 Titius
1776 2607 2177 2683 consecutus
2208 2619 2410 2683 homo

302 2722 546 2805 loquax
577 2741 736 2787 sane
769 2730 838 2786 et
870 2722 1034 2787 satis
1064 2732 1320 2799 acutuS,
1355 2722 1474 2786 sed
1510 2719 1664 2787 tam‘
1688 2720 1948 2787 solutus
1991 2731 2056 2787 et
2089 2721 2305 2788 mollis
2336 2722 2409 2787 in

368 2955 736 3007 dissedisset=
777 2954 838 3005 de
868 2956 990 3007 Fin.
1024 2956 1068 3006 1.
1108 2955 1184 3006 18.
1221 2955 1304 3022 58,
1404 2963 1609 3007 tervene
1630 2953 1861 3007 between
1881 2954 1969 3006 the
1986 2955 2280 3022 praetorship
2303 2957 2410 3007 and

302 3023 516 3071 animus
531 3039 563 3071 a
582 3037 630 3071 se
654 3023 756 3086 ipse
778 3022 1024 3072 dissidens
1041 3038 1305 3088 secumque
1403 3023 1491 3073 the
1513 3022 1825 3087 consulship.

300 3089 636 3145 discordans:
672 3089 731 3137 de
754 3089 845 3137 Or.
869 3089 940 3138 11.
964 3102 1045 3151 40.
1076 3102 1185 3152 170.
1469 3089 1778 3139 rationem:
1817 3088 1941 3137 Caes.
1959 3088 2025 3138 B.
2053 3088 2104 3138 C.
2125 3088 2167 3137 1.
2185 3100 2233 3150 9,
2259 3090 2412 3138 cuius

368 3166 478 3216 224.
517 3154 889 3205 Saturninum
913 3155 976 3205 cf.
995 3155 1055 3204 de
1070 3156 1302 3220 Harusp.
1402 3155 1619 3204 absentis
1656 3154 1910 3203 rationem
1942 3153 2122 3204 haberi
2147 3155 2411 3218 proximis

301 3228 427 3284 resp.
457 3233 532 3282 19.
557 3233 640 3282 41.
1401 3221 1622 3271 comitiis
1644 3229 1713 3285 po
1749 3221 1867 3269 ulus
1892 3221 2146 3276 iussisset,·
2184 3219 2281 3269 111.
2307 3220 2388 3269 82.

366 3286 601 3336 amictu:
618 3287 1186 3354 Quintilian(XI.3.137
1198 3286 1300 3352 sq.)
1467 3287 1640 3351 legis:
1763 3287 2073 3351 repetundis,
2098 3299 2195 3337 nc.
2224 3300 2334 3337 100.

296 3352 472 3402 thinks
507 3353 547 3401 it
581 3353 744 3403 worth
775 3354 927 3404 while
960 3362 1013 3403 to
1057 3355 1214 3419 spcak
1248 3352 1308 3403 of
1468 3354 1727 3418 publice:
1792 3355 1878 3403 i.e.
1928 3353 1994 3418 by
2035 3354 2182 3404 order
2226 3353 2285 3403 of
2324 3354 2413 3404 the

299 3418 385 3467 the
407 3421 617 3469 orator’s
640 3420 792 3470 dress.
1142 3455 1145 3458 -
1401 3425 1544 3469 state.

367 3486 784 3536 mediocritate:
822 3486 877 3535 in
900 3502 930 3536 a
951 3486 1090 3550 good
1121 3501 1268 3535 sense
1276 3503 1291 3545 ;
1470 3498 1582 3551 225.
1629 3485 1873 3547 solutus,
1912 3487 2035 3536 loose
2051 3503 2073 3536 .·
2106 3487 2227 3536 Tac.
2260 3489 2410 3538 Anu.

301 3550 363 3599 cf.
395 3564 502 3613 149.
1401 3553 1543 3601 XVI.
1586 3550 1663 3611 18,
1703 3553 1837 3601 dicta
1872 3555 2116 3619 factaque
2154 3554 2264 3603 eius
2297 3590 2310 3603 .
2348 3590 2361 3604 .
2398 3591 2412 3605 .

366 3626 500 3682 post
516 3627 684 3668 natos
703 3618 998 3668 homines:
1027 3617 1188 3667 Lucil.
1208 3618 1298 3667 IV.
1399 3619 1646 3668 solutiora
1671 3626 1719 3668 et
1745 3621 2011 3685 quandam
2038 3621 2126 3670 sui
2158 3620 2412 3686 neglegen-

306 3682 365 3732 18
374 3701 389 3741 3
422 3690 524 3746 pro
546 3685 667 3733 Mil.
692 3684 770 3734 26.
795 3686 883 3747 693
925 3684 989 3735 cf.
1015 3696 1092 3750 54.
1117 3700 1166 3734 n.
1398 3686 1530 3734 tiam
1552 3688 1931 3754 praeferentia.

367 3750 631 3809 summis,
669 3757 923 3800 extreme:
967 3750 1029 3799 de
1068 3751 1186 3801 Am.
1226 3762 1300 3814 17.
1469 3752 1688 3803 mollis:
1722 3754 1781 3803 de
1806 3754 1896 3804 Or.
1918 3754 1962 3803 1.
1983 3765 2060 3820 52·
2082 3753 2203 3813 2265
2233 3752 2412 3816 Quint.

200 3873 210 3881 .
301 3812 389 3870 61;
433 3813 550 3863 Sall.
585 3815 692 3865 Cat.
720 3827 794 3865 12.
1401 3818 1497 3867 XI.
1518 3831 1563 3882 3.
1591 3817 1699 3880 128,
1713 3819 1882 3870 where
1905 3818 2007 3870 this
2030 3825 2245 3870 account
2267 3819 2312 3869 is
2334 3834 2413 3869 re·
2477 3817 2496 3832 χ

368 3878 426 3925 in
452 3888 742 3942 praetura:
779 3888 879 3929 two
901 3895 1046 3944 years
1068 3888 1199 3932 must
1226 3882 1301 3931 in·
1402 3884 1606 3948 peated.
