2767 4334
291 326 357 378 34
1255 330 1528 380 CICERO.

378 512 463 556 ne
495 502 823 558 noverunt
856 494 1137 577 quidem.
1234 494 1620 581 Hyperidae
1649 496 1884 563 volunt
1921 518 2072 564 esse
2111 508 2182 565 et
2225 499 2486 587 Lysiae.

287 615 346 660 σε
380 599 650 677 Laudo;
683 600 801 665 sed
833 620 951 664 cur
980 599 1217 664 nolunt
1251 598 1594 668 Catones?
1682 601 1920 667 Attico
1948 623 2198 687 genere
2227 605 2489 670 dicendi

376 724 449 768 se
479 705 772 789 gaudere
800 704 1048 770 dicunt.
1131 704 1488 788 Sapienter
1517 703 1585 779 id
1615 704 2202 792 quidem—atque
2233 708 2488 774 utinam

377 809 798 876 imitarentur
827 831 950 875 nec
981 830 1134 874 ossa
1166 809 1399 887 solum,
1436 810 1554 874 sed
1586 809 1788 875 etiam
1822 811 2255 895 sanguinem!
2333 814 2491 878 Gra-

374 924 518 978 tum
550 925 654 980 est
686 925 931 992 tamen,
954 916 1129 999 quod
1161 914 1437 980 volunt:
1467 934 1586 979 cur
1616 914 1823 999 igitur
1854 915 2093 1002 Lysias
2126 927 2195 982 et
2230 918 2490 1004 Hyper·

374 1018 516 1084 ides
547 1029 823 1097 amatur,
852 1041 1005 1085 cum
1030 1019 1298 1102 penitus
1323 1018 1670 1102 ignoretur
1694 1019 1912 1085 Cato?
1992 1020 2360 1105 Antiquior
2382 1032 2484 1087 est

374 1123 571 1189 huius
603 1145 820 1189 sermo
851 1133 918 1188 et
951 1124 1276 1208 quaedam
1309 1123 1674 1188 horridiora
1704 1124 1947 1203 verba3
1991 1124 2087 1189 ita
2116 1126 2296 1190 enim
2343 1136 2484 1190 tum

374 1227 829 1312 loquebantur.
911 1229 990 1293 Id
1022 1238 1228 1307 muta,
1254 1229 1431 1312 quod
1462 1237 1604 1292 tum
1638 1227 1750 1293 ille
1781 1248 1915 1292 non
1947 1229 2185 1312 potuit,
2221 1239 2287 1295 et
2319 1232 2487 1315 adde

374 1354 688 1399 numeros
733 1343 822 1410 et,
858 1347 931 1398 ut
977 1333 1195 1429 aptior
1224 1333 1314 1397 sit
1359 1333 1590 1412 oratio,
1625 1332 1771 1416 ipsa
1800 1334 2004 1398 verba
2047 1355 2370 1418 compone
2415 1346 2486 1401 et

372 1439 562 1522 quasi
616 1424 1030 1522 coagmenta,
1081 1438 1258 1522 quod
1304 1458 1392 1502 ne
1440 1437 1679 1502 Graeci
1732 1437 1998 1521 quidem
2043 1449 2306 1504 veteres
2358 1437 2488 1504 fac-

284 1562 342 1618 69
372 1544 779 1609 titaverunt:
842 1542 972 1606 iam
1046 1542 1381 1606 neminem
1443 1551 1814 1624 antepones
1871 1542 2130 1608 Catoni.
2245 1543 2488 1609 Ornari

372 1648 739 1713 orationem
797 1647 1034 1712 Graeci
1087 1655 1346 1730 putant,
1400 1646 1457 1710 si
1507 1646 1859 1711 verborum
1910 1632 2487 1713 immutationibus

373 1762 662 1829 utantur,
691 1773 858 1836 quos
888 1751 1225 1835 appellant
1258 1749 1559 1838 τρόπους,
1588 1760 1654 1815 et
1689 1750 2173 1816 sententiarum
2205 1753 2489 1816 oration-

372 1859 559 1941 isque
590 1857 842 1935 formiS‚
877 1875 1047 1940 quae
1076 1865 1316 1919 vocant
1351 1853 1711 1944 σχήματαε
1757 1875 1891 1918 non
1936 1855 2075 1919 veri
2122 1856 2336 1920 simile
2382 1866 2485 1921 est

372 1982 567 2046 quam
602 1961 689 2025 sit
722 1961 789 2024 in
823 1972 1104 2044 utroque
1134 1979 1380 2044 genere
1412 1967 1480 2023 et
1512 1960 1746 2023 creber
1775 1968 1842 2022 et
1880 1959 2239 2025 distinctus
2272 1960 2459 2026 Cato.

383 2199 505 2248 Caes.
532 2199 594 2247 B.
627 2198 680 2246 C.
704 2197 746 2247 Ι.
772 2209 851 2260 39,
875 2212 973 2261 quo
986 2197 1129 2262 sacto
1150 2195 1281 2244 duas
1304 2211 1385 2244 res
1485 2202 1624 2245 aetas
1663 2195 1723 2245 in
1762 2195 1859 2244 hac
1895 2196 2103 2245 civitate
2132 2197 2284 2262 serre
2323 2199 2486 2246 maxi-

384 2271 668 2313 conseculus
704 2270 786 2321 est,
825 2262 970 2326 quod,
1007 2269 1099 2310 etc.
1110 2279 1125 2322 ;
1185 2262 1244 2309 de
1286 2263 1381 2328 Off.
1484 2277 1623 2309 mam
1638 2262 1855 2324 potuit?

385 2332 455 2380 11.
493 2343 568 2377 20.
610 2341 687 2392 70,
724 2329 1099 2393 videndumque
1134 2328 1274 2376 illud
1299 2334 1382 2387 est,
1551 2327 1743 2391 aptior,
1791 2327 1942 2376 better
1973 2327 2186 2394 jointed
2197 2344 2220 2378 .·
2276 2328 2340 2378 cf.
2395 2330 2482 2377 Or.

383 2397 527 2461 quod,
552 2403 646 2444 etc.
1484 2405 1563 2458 51.
1609 2405 1716 2457 170,
1759 2400 1879 2456 apta
1918 2400 1967 2442 et
1983 2394 2193 2460 finita,·
2251 2406 2329 2460 50.
2377 2394 2485 2455 168,

448 2464 727 2514 Catones:
776 2460 855 2510 for
888 2461 1033 2526 plur.‚
1069 2459 1133 2509 cf.
1172 2460 1230 2508 de
1261 2461 1380 2509 Am.
1484 2475 1787 2508 numerosae
1852 2466 1902 2509 et
1967 2466 2117 2524 aptae
2187 2461 2439 2510 orationis
2460 2478 2484 2517 ,-

381 2529 428 2578 6.
465 2541 551 2587 21;
605 2529 665 2578 de
695 2528 786 2578 Or.
821 2528 863 2578 Ι.
898 2527 979 2588 48.
1017 2539 1136 2586 21o;
1192 2526 1263 2574 ΙΙ.
1299 2537 1379 2589 23.
1480 2539 1560 2587 44.
1591 2537 1699 2586 149.

380 2608 467 2657 943
511 2594 582 2644 11.
610 2608 687 2660 71.
713 2608 832 2657 2903
877 2594 976 2643 111.
1005 2605 1080 2659 15.
1105 2591 1184 2658 56.
1546 2600 1913 2654 coagmenta:
1956 2592 2047 2642 Or.
2073 2604 2153 2654 23.
2180 2604 2266 2656 77:
2305 2593 2364 2641 de
2394 2594 2482 2642 Or.

446 2661 524 2711 68.
562 2677 712 2721 curn,
736 2661 900 2710 while.
1482 2656 1581 2706 111.
1615 2670 1696 2720 43.
1738 2669 1853 2720 171;
1908 2657 2080 2720 Quint.
2116 2658 2266 2707 VIII.
2305 2658 2351 2707 6.
2387 2659 2473 2721 633

446 2729 784 2778 horridiora:
823 2725 886 2790 83
896 2743 911 2786 ;
955 2724 1075 2788 2383
1120 2722 1228 2772 268.
1481 2723 1601 2772 XII.
1647 2735 1720 2771 10.
1766 2735 1841 2787 77.
1900 2723 2178 2785 Quintilian
2215 2724 2367 2788 drops
2399 2724 2483 2773 the

445 2794 503 2844 id
547 2803 711 2844 muta
755 2809 858 2859 sq.:
918 2791 982 2840 cf.
1030 2801 1142 2855 295,
1182 2805 1380 2838 remove
1480 2788 1763 2854 apologetic
1788 2791 1956 2853 quasi.

376 2861 532 2916 haec,·
585 2861 731 2910 Tusc.
774 2859 817 2908 1.
864 2871 937 2921 13.
975 2870 1054 2921 30,
1097 2856 1210 2904 tolle
1245 2856 1380 2904 hanc
1546 2857 1626 2916 69.
1675 2855 2202 2905 immutationibus:
2283 2855 2483 2905 defined

379 2927 685 2989 opinionem,
715 2927 908 2975 luctum
942 2924 1209 2972 sustuleris
1221 2939 1245 2978 ,·
1289 2922 1377 2970 Or.
1480 2921 1545 2984 by
1572 2921 1657 2970 the
1694 2920 1861 2969 Greek
1897 2922 2037 2970 word
2076 2921 2231 2988 (from
2267 2920 2482 2985 τρέπειν,

376 2991 458 3053 48.
480 3005 596 3058 159;
628 2993 845 3057 63.214;
876 2993 987 3057 JuV.
1002 2993 1042 3041 1.
1064 3003 1151 3056 155
1163 3009 1177 3050 ;
1211 2990 1378 3037 Cato’s
1481 2993 1534 3036 to
1567 2994 1695 3047 turn,
1720 2992 1773 3035 to
1809 2987 2062 3052 change);
2104 3002 2161 3036 so
2195 2986 2254 3036 of
2286 2989 2482 3038 formis

377 3060 575 3121 maxim,
597 3061 788 3111 Introd.
808 3060 928 3108 VII.
953 3072 994 3109 1.
1038 3059 1147 3107 The
1166 3058 1376 3121 impera·
1478 3053 1580 3103 and
1615 3052 1851 3115 σχήματα
1880 3053 2036 3118 (from
2071 3052 2224 3115 ἔχειν,
2249 3060 2302 3102 to
2340 3054 2482 3110 have,

377 3127 500 3175 tives
524 3128 651 3177 form
677 3129 901 3193 protasis
924 3127 1128 3177 clauses.
1188 3125 1286 3173 For
1310 3138 1377 3170 an
1477 3119 1579 3168 like
1599 3120 1801 3168 habitus
1831 3121 1961 3169 from
1986 3117 2213 3184 habere),
2236 3119 2323 3168 the
2356 3119 2482 3169 rela-

378 3193 505 3255 Eng.
543 3194 785 3259 example,
819 3194 935 3243 with
971 3194 1071 3242 and
1106 3192 1311 3241 without
1345 3204 1377 3237 a
1477 3186 1600 3234 tives
1645 3186 1888 3250 adapting
1933 3185 2233 3235 themselves
2288 3192 2341 3234 to
2396 3186 2480 3234 the

376 3260 685 3321 connective,
710 3260 773 3310 cf.
797 3261 871 3310 K.
895 3260 1046 3319 Lear,
1071 3258 1161 3309 IV.
1186 3257 1331 3306 6:-
1477 3250 1643 3300 Greek
1668 3253 1897 3314 genders.
1968 3250 2044 3300 Cf.
2074 3252 2163 3300 Or.
2191 3263 2270 3315 27.
2296 3263 2361 3313 92
2370 3269 2385 3310 ;
2425 3252 2482 3300 de

1485 3318 1572 3366 Or.
1609 3317 1707 3366 ΙΙΙ.
1741 3330 1820 3379 42.
1860 3316 1950 3381 167
1959 3335 1975 3377 ;
2029 3317 2106 3366 for
2128 3317 2382 3379 σχήματα,
2418 3316 2481 3366 cf.

818 3391 938 3448 Plate
957 3390 1021 3432 sin
1039 3389 1140 3430 with
1158 3388 1272 3440 gold,
1478 3395 1570 3448 275
1582 3401 1596 3443 ;
1649 3383 1739 3432 Or.
1760 3395 1837 3449 54.
1864 3382 1974 3443 181,
1993 3398 2053 3431 ea
2077 3399 2208 3448 quae
2229 3384 2482 3432 dicuntur

375 3441 473 3482 And
505 3441 574 3482 the
604 3450 752 3493 strong
785 3442 905 3483 ¹²¹¹oe
935 3441 985 3483 ⁰s
1006 3440 1161 3493 justice
1193 3438 1375 3480 hurtless
1476 3449 1728 3498 orationis
1752 3451 1904 3513 quasi
1961 3465 2135 3498 ormae
2160 3456 2210 3498 et
2230 3450 2440 3498 lumina
2456 3465 2479 3505 ,·

375 3491 777 3601 Armbrissali‘girags,
817 3555 844 3583 a
879 3541 1061 3595 Ῥίων».
1106 3549 1231 3582 mm
1274 3539 1375 3581 does
1477 3525 1555 3579 25.
1593 3514 1673 3577 83,
1710 3515 1878 3565 where
1957 3516 2115 3579 andys
2153 3515 2376 3564 remarks
2412 3530 2482 3564 on

474 3592 614 3643 pieroe
639 3601 687 3636 nt.
1475 3581 1796 3644 Quintilian’s
1830 3581 2149 3631 substitution
2184 3581 2243 3630 of
2265 3582 2481 3648 figurae

1474 3646 1808 3713 forfhrmae:
1836 3647 1901 3697 cf.
1926 3649 2035 3711 Opt.
2060 3648 2183 3697 Gen.
2208 3648 2297 3696 Or.
2348 3682 2360 3694 .
2383 3659 2459 3709 14.

439 3726 556 3761 non
581 3712 793 3777 potuit:
821 3711 884 3761 cf.
903 3712 963 3760 de
988 3711 1075 3760 Or.
1095 3711 1138 3761 1.
1159 3723 1236 3775 37.
1261 3723 1369 3775 171,
1537 3728 1654 3763 non
1677 3714 1797 3763 veri
1819 3714 2004 3764 simile
2027 3735 2076 3758 =
2103 3659 2389 3763 incredibsle.

375 3794 547 3827 nonne
600 3786 648 3827 et
704 3780 985 3842 eloquentia
1042 3785 1189 3826 tanta
1239 3779 1370 3844 suit,
1539 3780 1856 3839 distinctus,
1893 3788 2072 3829 ornate
2089 3795 2110 3830 :
2149 3779 2269 3828 here
2304 3779 2364 3828 of
2392 3779 2479 3829 the

373 3851 621 3907 quantam
670 3845 762 3893 illa
808 3852 1032 3908 tempora
1080 3852 1231 3909 atque
1276 3844 1370 3892 illa
1474 3846 1686 3909 speaker
1694 3863 1710 3906 3
1754 3845 1819 3895 cf.
1840 3846 1959 3896 Tac.
1983 3846 2132 3895 Dial.
2157 3844 2244 3894 18:
2284 3845 2480 3910 usually
