2767 4334
211 1053 260 1086 11

210 1887 263 1919 12

1172 338 1443 387 CICERO.

293 504 389 567 ita
420 503 552 566 cari
586 503 807 585 itaque
841 502 1128 576 iucundi,
1166 511 1238 564 ut
1273 522 1498 564 eorum
1544 511 1820 584 aspectu
1852 502 2071 565 omnis
2104 521 2273 586 quae
2305 522 2410 565 rne

294 609 582 690 angebat
615 607 698 671 de
732 628 801 670 re
835 605 1101 688 publica
1147 626 1305 669 cura
1349 605 1746 669 consederit.
1836 605 2023 688 Quos
2055 615 2408 689 postquam

296 711 593 786 salutavi,
625 718 640 745 ⁴
664 710 844 793 Quid
871 709 1030 785 vos,’
1059 710 1348 793 inquam,
1382 717 1398 744 ⁴
1421 711 1627 772 Brute
1660 719 1726 772 et
1761 709 2042 773 Attice?
2087 711 2410 794 numquid

295 817 564 879 tandem
598 815 750 877 novi
774 813 826 877 ?'
861 814 1081 877 ‘Nihil
1115 814 1316 888 sane,’
1347 813 1561 897 inquit
1597 814 1864 889 BrutuS‚
1898 814 2110 897 ‘quod
2142 815 2408 897 quidem

293 931 406 983 aut
463 930 538 983 tu
587 919 812 982 audire
862 919 1027 984 velis
1078 928 1190 981 aut
1243 938 1369 1000 ego
1420 939 1537 1000 pro
1588 927 1770 981 certo
1820 918 2041 982 dicere
2090 917 2406 983 audeam.'

294 1026 467 1087 Tum
516 1023 811 1098 Atticus,
850 1031 866 1058 ‘
889 1022 1029 1098 Eo‚’
1066 1023 1299 1105 inquit,
1341 1023 1458 1084 ‘ad
1507 1033 1574 1085 te
1607 1022 1830 1085 animo
1862 1023 2185 1100 venimus,
2224 1032 2295 1086 ut
2328 1024 2409 1086 de

293 1150 363 1193 re
397 1128 662 1211 publica
693 1136 873 1191 esset
908 1127 1246 1190 silentium
1281 1136 1345 1190 et
1379 1126 1626 1209 aliquid
1660 1125 2040 1190 audiremus
2074 1127 2298 1209 potius
2331 1148 2410 1190 ex

293 1243 380 1308 te,
416 1253 611 1316 quam
661 1242 730 1295 te
775 1232 1210 1297 adficeremus
1258 1231 1389 1293 ulla
1437 1229 1781 1295 molestia.'
1880 1230 2057 1294 ‘Vos
2089 1230 2283 1307 vero‚’
2320 1231 2411 1293 in-

294 1358 510 1421 quam,
549 1336 835 1411 ‘Attice,
871 1345 937 1398 et
971 1345 1390 1417 praesentem
1425 1355 1532 1396 rne
1564 1354 1722 1397 cura
1752 1334 1989 1398 levatis
2033 1344 2101 1398 et
2146 1335 2409 1400 absenti

293 1461 535 1524 magna
600 1438 843 1503 solacia
905 1439 1224 1515 dedistis;
1294 1459 1449 1501 nam
1513 1439 1755 1502 vestris
1818 1439 2104 1521 primum
2170 1439 2410 1504 litteris

294 1554 629 1609 recreatus
685 1564 792 1606 me
845 1544 926 1606 ad
980 1541 1262 1625 pristina
1316 1543 1538 1606 studia
1593 1541 1934 1606 revocavi.'
2049 1544 2223 1607 Tum
2280 1543 2406 1619 ille,

299 1658 312 1685 ‘
336 1648 545 1732 Legi,’
582 1648 815 1731 inquit,
855 1647 1298 1729 ‘perlibenter
1330 1646 1682 1729 epistulam
1717 1668 1914 1732 quam
1946 1649 2028 1711 ad
2061 1657 2131 1712 te
2165 1648 2410 1711 Brutus

295 1754 473 1817 misit
507 1774 589 1816 ex
622 1751 808 1828 Asia,
843 1773 973 1834 qua
1004 1751 1167 1813 mihi
1191 1751 1373 1814 visus
1408 1761 1511 1814 est
1545 1760 1611 1814 et
1645 1772 1915 1815 monere
1948 1762 2017 1815 te
2050 1753 2411 1833 prudenter

293 1868 359 1921 et
404 1856 727 1921 consolari
773 1854 1214 1945 amicissime5'
1313 1855 1608 1931 ‘Recte,'
1658 1855 1948 1938 inquam,
2004 1863 2144 1919 ‘est
2187 1857 2411 1921 visus:

294 1983 444 2025 nam
471 1981 580 2024 me
606 1961 751 2024 istis
777 1946 947 2024 scito
971 1959 1215 2022 litteris
1242 1981 1322 2023 ex
1342 1960 1657 2023 diuturna
1681 1960 2183 2041 perturbatione
2204 1961 2409 2025 totius

292 2065 690 2129 valetudinis
725 2074 1061 2147 tamquam
1095 2064 1175 2126 ad
1211 2063 1659 2145 aspiciendam
1693 2064 1907 2127 lucem
1957 2085 2105 2128 esse
2153 2086 2412 2130 revoca-

293 2180 475 2246 tum;
522 2180 721 2253 atque
771 2177 844 2231 ut
896 2179 1045 2249 post
1097 2168 1524 2232 Cannensem
1575 2168 1750 2231 illam
1797 2168 2241 2232 calamitatem
2287 2171 2412 2252 pri-

293 2296 473 2338 mum
527 2271 827 2337 Marcelli
880 2273 961 2335 ad
1020 2271 1261 2335 Nolam
1312 2272 1562 2354 proelio
1608 2271 1892 2354 populus
1941 2292 2013 2337 se
2061 2273 2408 2337 Romanus

1473 2434 1608 2469 vos:
1652 2418 1778 2469 both
1813 2418 1867 2468 in
1900 2419 2058 2478 mind,
2094 2419 2286 2483 though
2320 2422 2410 2471 but

1406 2502 1504 2535 one
1538 2486 1581 2534 is
1615 2486 1814 2534 named.
1882 2485 1959 2534 Cf.
1982 2486 2132 2548 Verg.
2163 2489 2292 2536 Aen.
2317 2489 2408 2536 IX.

1408 2564 1521 2616 525,
1570 2568 1667 2611 vos,
1700 2568 1727 2600 o
1770 2551 2003 2615 Calliope,
2030 2559 2231 2615 precor,
2274 2556 2409 2617 aspi·

1406 2626 1518 2666 rate
1539 2619 1759 2666 canenti.

303 2420 595 2484 appositive,
610 2419 672 2468 cf.
692 2420 811 2468 verb
835 2420 887 2468 in
903 2420 1025 2468 such
1041 2427 1302 2470 sentences

302 2502 356 2534 as
374 2487 510 2548 (Liv.
528 2486 672 2534 XXI.
690 2486 779 2548 60)
807 2488 908 2549 ipse
933 2487 1039 2534 dux
1062 2503 1176 2534 cum
1201 2488 1306 2540 alaz,

301 2559 422 2615 quot
434 2552 765 2614 principibus
789 2553 1086 2614 capiuntur.

368 2619 510 2666 inter
545 2632 606 2666 se
643 2618 957 2666 coniuncti:
998 2634 1081 2666 see
1106 2619 1296 2668 Introd.

300 2685 387 2731 VI.
421 2696 461 2731 1.

364 2764 500 2798 vos:
548 2749 666 2797 verb
701 2750 928 2809 omitted,
975 2753 1204 2818 adfertis,
1243 2769 1300 2801 or

299 2816 382 2862 the
406 2816 521 2863 like.

364 2881 642 2944 numquid
676 2881 906 2930 tandem
942 2882 1112 2930 novi?
1147 2882 1209 2930 cf.
1243 2884 1300 2930 de

306 2949 393 2995 Or.
430 2947 499 2994 ΙΙ.
537 2958 581 3008 3.
625 2959 698 3009 13.
777 2947 929 2994 News
962 2963 1064 2994 was
1102 2949 1297 3010 eagerly

297 3013 506 3060 awaited
537 3011 663 3060 from
688 3013 773 3061 the
796 3028 897 3060 war
921 3012 972 3060 in
998 3012 1193 3075 Africa:
1234 3014 1296 3062 cf.

297 3079 372 3125 ad
398 3079 544 3126 Fam.
569 3079 631 3126 V.
659 3091 737 3127 21.
763 3091 808 3140 3,
835 3095 993 3141 neque
1015 3095 1098 3129 me
1124 3086 1296 3127 lamen

298 3145 405 3191 ulla
443 3161 520 3191 res
554 3145 663 3192 alia
700 3145 891 3193 Romae
925 3152 1057 3192 tenet
1084 3146 1192 3192 nisi
1215 3162 1296 3193 ex-

294 3211 525 3267 spectatio
552 3227 728 3257 rerum
759 3212 1145 3276 Africanarum
1165 3227 1186 3259 .·
1220 3212 1295 3258 vi-

295 3276 443 3323 detur
494 3278 634 3324 enim
695 3293 772 3324 res
830 3278 889 3324 in
938 3278 1294 3339 propinquum

294 3343 510 3390 adducta
558 3342 865 3406 discrimem·
921 3343 1095 3391 Cicero
1132 3342 1231 3390 had
1267 3358 1297 3390 a

295 3407 543 3469 lingering
588 3408 722 3470 hope
767 3408 826 3456 os
864 3423 1060 3456 success
1097 3408 1173 3456 sor
1211 3409 1296 3456 the

295 3473 568 3537 Pompeian
616 3481 786 3537 party:
837 3475 1066 3522 tandem
1109 3489 1293 3523 corres÷

293 3541 457 3602 ponds
481 3546 534 3587 to
558 3540 656 3588 this
681 3539 877 3603 feeling.

364 3618 438 3653 11.
475 3619 571 3654 eo:
611 3605 853 3669 cf.1o.n.

361 3671 680 3721 silentium:
721 3671 924 3735 c‘f.157;
969 3672 1106 3737 quite
1131 3672 1183 3721 in
1208 3672 1293 3721 the

293 3737 517 3785 habitual
538 3738 692 3786 mood
718 3738 776 3785 of
797 3739 1009 3795 Atticus,
1033 3738 1147 3787 who
1171 3738 1293 3802 kept

293 3803 433 3852 aloof
452 3803 579 3852 from
602 3803 824 3869 political
849 3804 1241 3868 complicationS.

1471 2691 1825 2748 praesentem
1846 2700 1858 2730 z
1890 2698 1921 2732 a
1934 2684 2072 2732 word
2091 2685 2409 2749 appropriate

1404 2750 1562 2799 either
1598 2756 1649 2797 to
1687 2748 1879 2811 subject
1913 2765 1970 2797 or
2005 2756 2057 2797 to
2104 2750 2265 2813 object
2276 2769 2290 2810 3
2344 2751 2406 2799 ef.

1406 2816 1564 2864 Plaut.
1593 2816 1740 2863 Most.
1782 2815 1923 2875 1061,
1958 2815 2140 2863 adsum
2164 2824 2408 2881 praesens

1409 2883 1674 2944 praesenti
1697 2882 1805 2929 tibi.

1470 2947 1802 3010 epistulam:
1865 2959 1976 3009 330.
2073 2948 2171 2996 For
2222 2949 2408 3013 special

1405 3028 1578 3062 causes
1609 3012 1667 3061 of
1692 3013 1912 3061 Cicero's
1944 3014 2317 3078 despondency,
2342 3015 2404 3063 ef.

1409 3092 1490 3138 12;
1545 3079 1620 3126 ad
1650 3079 1797 3127 Fam.
1842 3079 1928 3127 IV.
1979 3091 2052 3139 14.
2095 3092 2141 3141 3,
2183 3097 2263 3143 ego
2300 3089 2404 3128 tam

1405 3146 1587 3193 misero
1619 3151 1834 3207 tempore
1871 3145 2014 3193 nihil
2049 3148 2171 3195 novi
2203 3148 2407 3194 consilii

1403 3213 1647 3273 cepissem,
1673 3211 1781 3259 nisi
1816 3213 1875 3259 in
1913 3212 2083 3259 reditu
2114 3228 2219 3260 meo
2242 3214 2406 3260 nihilo

1404 3278 1630 3324 meliores
1665 3293 1743 3324 res
1776 3278 2065 3325 domesticas
2099 3293 2256 3342 quam
2298 3295 2404 3326 rem

1393 3343 1654 3405 publicam
1680 3343 2005 3407 offendissem.

1474 3420 1548 3456 12.
1586 3409 1976 3458 Cannensem:
2016 3421 2111 3458 nc,
2139 3409 2250 3459 216.

1469 3476 1540 3523 ad
1566 3475 1799 3523 Nolam:
1841 3475 1899 3523 of
1922 3483 2019 3524 two
2038 3476 2284 3535 victories»,
2309 3488 2404 3526 B.c.

1405 3540 1500 3588 216
1518 3541 1618 3588 and
1636 3553 1746 3605 215,
1771 3542 1855 3589 the
1874 3540 2022 3589 latter
2037 3557 2137 3590 was
2156 3542 2240 3590 the
2265 3558 2404 3590 more

1402 3607 1687 3669 important.
1745 3607 1821 3655 Cf.
1845 3607 1952 3654 Liv.
1973 3608 2170 3656 XXIII.
2199 3608 2273 3666 16,
2299 3625 2403 3656 non

1402 3672 1545 3720 vinci
1568 3673 1705 3721 enim
1730 3673 1793 3720 ab
1815 3673 2117 3722 Hannibale
2151 3675 2402 3721 vincenti-

1401 3738 1491 3786 bus
1535 3738 1796 3803 difficilius
1829 3739 1953 3804 fuit
1994 3754 2150 3803 quam
2185 3746 2401 3804 post-ea

1401 3819 1616 3851 vincere.
