2767 4334
1257 362 1546 416 BRUTUS.

307 548 593 606 causam,
651 548 784 594 non
837 539 1363 595 commentatum
1424 538 1712 612 putares,
1826 527 2144 595 Addebat
2197 528 2417 606 etiam,

307 634 505 720 idque
552 635 636 699 ad
686 654 825 699 rem
875 634 1212 717 pertinere
1271 634 1568 716 putabat,
1620 632 1981 717 scriptores
2040 632 2189 718 illos
2250 633 2421 699 male

306 738 633 804 mulcatos
664 737 887 803 exisse
935 759 1087 804 cum
1140 738 1395 817 Galba;
1456 758 1539 804 ex
1585 757 1716 823 quo
1764 735 2182 822 significabat
2232 737 2418 803 illum

307 863 442 907 non
473 842 544 906 in
575 841 836 927 agendo
868 842 1103 919 solum,
1138 843 1258 908 sed
1288 841 1493 907 etiam
1539 841 1608 906 in
1654 841 2039 908 meditando
2070 844 2423 909 vehemen-

305 955 446 1015 tem
477 956 678 1032 atque
708 946 1058 1012 incensum
1080 944 1309 1014 fuisse.
1391 946 1572 1032 Quid
1597 947 1851 1012 multa?
1889 968 2134 1032 magna
2155 967 2421 1032 exspec-

305 1050 563 1117 tatione
593 1048 895 1135 plurimis
927 1050 1353 1117 audientibus
1380 1071 1607 1116 coram
1641 1051 1786 1135 ipso
1820 1051 2051 1117 Laelio
2098 1051 2193 1117 sic
2239 1051 2418 1117 illam

306 1162 587 1221 causam‘
620 1165 809 1221 tanta
853 1155 919 1220 vi
965 1165 1287 1242 tantaque
1332 1155 1664 1241 gravitate
1707 1155 1959 1221 dixisse
2008 1155 2309 1234 Galbam,
2343 1165 2418 1221 ut

306 1259 490 1324 nulla
538 1257 682 1325 fere
733 1280 887 1343 pars
940 1259 1258 1326 orationis
1311 1260 1586 1326 silentio
1630 1260 2106 1344 praeteriretur
2126 1280 2143 1339 ;
2196 1260 2421 1345 itaque

305 1360 537 1429 multis
589 1364 900 1449 querellis
953 1365 1295 1449 multaque
1354 1364 1782 1430 miseratione
1842 1363 2140 1429 adhibita
2199 1364 2418 1430 socios

305 1467 619 1533 omnibus
692 1469 1217 1552 approbantibus
1292 1468 1406 1534 illa
1478 1469 1588 1535 die
1645 1469 2040 1554 quaestione
2097 1469 2417 1534 liberatos

304 1591 475 1638 esse.

395 1677 499 1741 Ex
549 1675 677 1742 hac
731 1676 972 1742 Rutilii
1025 1677 1407 1743 narratione
1459 1677 1782 1761 suspicari
1822 1676 2000 1754 licet,
2044 1697 2196 1743 cum
2246 1677 2416 1743 duae
2448 1726 2507 1782 39

307 1800 608 1846 summae
655 1780 794 1846 sint
855 1781 925 1845 in
984 1792 1247 1874 oratore
1303 1782 1554 1859 laudeS,
1612 1802 1746 1847 una
1806 1782 2146 1847 subtiliter
2200 1782 2421 1866 dispu-

304 1884 494 1949 tandi
553 1885 639 1950 ad
699 1886 1094 1964 docendum,
1145 1886 1354 1952 altera
1404 1885 1696 1971 graviter
1742 1885 1986 1971 agendi
2030 1889 2113 1951 ad
2158 1885 2418 1952 animos

309 1988 722 2054 audientium
754 1991 1253 2074 permovendoS,
1289 1991 1634 2075 multoque
1664 1990 1815 2074 plus
1860 1989 2162 2074 proficiat
2209 1990 2266 2056 is
2302 1991 2416 2076 qui

304 2091 672 2158 inflammet
719 2093 1006 2160 iudicem
1050 2115 1249 2180 quam
1293 2094 1407 2161 ille
1451 2095 1565 2180 qui
1610 2096 1866 2172 doceat,
1900 2094 2300 2179 elegantiam
2347 2095 2417 2159 in

310 2194 558 2275 Laelio,
613 2198 749 2263 vim
803 2198 873 2262 in
928 2199 1144 2265 Galba
1199 2197 1426 2265 fuisse.

1545 2200 1738 2285 Quae
1800 2199 2065 2284 quidem
2119 2199 2221 2265 vis
2273 2207 2415 2264 tum

304 2300 592 2367 maxime
623 2301 893 2386 cognita
921 2312 1044 2380 est,
1079 2323 1232 2369 cum
1266 2302 1612 2369 Lusitanis
1635 2324 1675 2368 a
1700 2303 1840 2369 Ser.
1869 2303 2083 2369 Galba
2112 2313 2418 2387 praetore

304 2415 538 2471 contra
582 2405 1065 2490 interpositam,
1111 2418 1184 2472 ut
1222 2407 1743 2485 existimabatur,
1784 2408 1983 2473 fidem
2023 2407 2414 2485 interfectis,

244 2516 261 2545 f
307 2508 384 2574 L.
422 2509 686 2575 Libone
714 2511 987 2576 tribuno
1018 2511 1232 2595 plebis
1280 2512 1597 2596 populum
1649 2511 1976 2578 incitante
2019 2522 2087 2577 et
2136 2512 2421 2597 rogatio·

301 2631 458 2677 nem
490 2612 559 2677 in
594 2614 874 2680 Galbam
906 2615 1234 2700 privilegii
1267 2616 1551 2681 similem
1586 2617 1864 2694 ferente,
1900 2636 2162 2681 summa
2193 2637 2418 2682 senec-

300 2725 467 2795 tute,
503 2727 576 2783 ut
622 2728 780 2784 ante
824 2719 978 2798 dixi,
1027 2721 1119 2786 M.
1171 2721 1343 2787 Cato
1395 2720 1612 2805 legem
1667 2722 1955 2786 suadens
2010 2720 2079 2784 in
2135 2721 2417 2785 Galbam

302 2820 513 2887 multa
543 2822 749 2902 dixit3
792 2844 992 2909 quam
1037 2824 1405 2890 orationem
1452 2824 1522 2888 in
1571 2824 1887 2909 Origines
1933 2845 2089 2889 suas
2136 2825 2413 2903 rettulit,

368 3020 448 3073 88.
494 3023 796 3086 mulcatos,
820 3025 978 3075 ‘used
994 3027 1095 3091 up!

370 3089 639 3140 silentio.
709 3091 852 3140 there
907 3107 1009 3141 was
1064 3091 1306 3157 applause

303 3152 636 3269 tbi-60ughout5
726 3157 791 3207 cf.
854 3158 1109 3219 clamores,
1181 3158 1296 3219 164·

305 3231 370 3282 32

300 3287 707 3402 chglalestione,
692 3290 858 3355 ,stom
874 3290 953 3339 the
967 3290 1306 3355 inquisition:

517 3368 604 3481 n89

539 3418 1120 3485 89.proficiat.92;
1199 3434 1304 3484 139.

302 3482 431 3546 Eng.
501 3501 559 3600 rto
595 3492 619 3535 t
647 3486 690 3535 is
682 3436 843 3536 pfrom
865 3487 966 3536 this
988 3488 1126 3536 word
1154 3487 1305 3553 (pro-

303 3549 549 3615 sectmt
585 3553 746 3616 rough
771 3553 857 3603 the
881 3553 1094 3603 French.

370 3615 695 3669 Lusitanis.
749 3630 847 3669 Re.
890 3632 909 3667 1
947 3632 1005 3679 ος
1063 3619 1126 3668 cf.
1169 3620 1306 3669 Suet.

307 3681 449 3730 Galb.
475 3695 529 3746 3,
572 3684 681 3734 val.
709 3686 844 3734 Max.
861 3685 887 3734 Ι
942 3657 1026 3734 ,6.
1050 3698 1095 3734 2.

367 3747 779 3814 interpositam,
834 3750 1094 3816 pledged:
1159 3752 1303 3800 Rosc.

297 3814 657 3933 gmb39vn643
698 3816 818 3866 Sall.
841 3819 955 3882 lug.
987 3830 1065 3880 3²·
1089 3829 1139 3876 ις
1180 3817 1303 3867 Caes.

1483 3025 1761 3092 privilegii
1786 3046 1838 3070 =
1871 3041 1904 3076 3
1923 3025 2021 3075 law
2042 3026 2330 3091 respecting
2351 3043 2417 3076 an

1414 3091 1716 3151 individuah
1749 3092 1876 3141 Gell.
1895 3093 1960 3142 X.
1982 3105 2061 3141 20.
2119 3092 2182 3142 In
2200 3092 2418 3142 Cicero’s

1415 3158 1535 3207 time
1569 3158 1608 3206 it
1643 3158 1804 3220 might
1827 3158 1892 3207 be
1916 3158 2112 3221 against
2146 3174 2260 3218 one,
2284 3175 2340 3207 or
2364 3159 2418 3208 in

1415 3223 1494 3273 his
1538 3224 1692 3284 favor,
1734 3224 1924 3288 usually
1965 3225 2052 3273 the
2097 3223 2308 3274 former:
2363 3225 2417 3274 in

1414 3291 1814 3354 post-Augustam
1847 3289 1992 3340 times
2025 3290 2063 3339 it
2093 3306 2196 3340 was
2228 3306 2295 3339 an
2327 3290 2416 3339 im-

1414 3355 1572 3420 perial
1596 3356 1750 3405 favor.
1818 3357 2098 3420 Privi·lege
2126 3356 2169 3405 is
2203 3372 2234 3405 a
2265 3356 2418 3406 much

1415 3421 1605 3471 abused
1651 3421 1861 3485 English
1899 3423 2041 3471 word
2048 3440 2064 3483 ;
2122 3422 2257 3472 what
2300 3422 2343 3471 is
2386 3438 2419 3471 3

1416 3487 1663 3537 universal
1698 3504 1754 3537 or
1789 3503 2022 3538 common
2056 3487 2343 3552 enjoyrnent
2374 3487 2418 3537 is

1415 3561 1504 3602 not
1529 3570 1558 3603 3
1582 3554 1837 3618 privilege.

1481 3620 1759 3669 similem:
1815 3620 1901 3669 the
1943 3620 2138 3684 rogatio
2174 3619 2236 3669 of
2268 3619 2416 3679 Libo,

1415 3685 1682 3745 therefore,
1718 3701 1818 3735 was
1853 3692 1945 3736 not
1977 3687 2031 3735 in
2064 3693 2217 3736 terma
2248 3685 2417 3736 aimed

1416 3758 1467 3800 at
1489 3751 1650 3801 Galba
1672 3752 1835 3801 alone.

1482 3826 1641 3867 ante:
1681 3817 1760 3866 80.
1884 3852 1889 3856 -

1482 3883 1717 3932 rettulit:
1770 3883 1832 3932 cs.
1875 3883 1934 3933 de
1975 3884 2063 3933 Or.
2102 3884 2144 3933 1.
2182 3894 2261 3949 53.
2298 3894 2413 3950 227,

2446 359 2511 413 45

2452 545 2509 590 88
