2767 4334
269 360 336 413 88
1240 362 1513 415 CICERO.

281 506 358 561 49

272 576 353 619 181
456 525 691 610 Atque
736 545 863 611 ego
909 525 1244 610 praeclare
1278 507 1611 611 ‘intellego
1655 548 1763 592 me
1807 528 1876 593 in
1924 548 2153 595 eorum
2194 548 2479 595 comme-

371 631 741 695 moratione
785 630 1052 708 versari,
1103 631 1216 715 qui
1264 651 1389 696 nec
1434 632 1647 698 habiti
1693 641 1850 698 sunt
1904 643 2202 700 oratores
2255 654 2473 719 neque

368 736 658 813 fuerunt,
695 735 1171 819 praeteririque
1211 756 1251 800 a
1287 756 1397 801 me
1427 736 1678 821 aliquot
1711 757 1792 802 ex
1820 738 2160 804 veteribus
2192 758 2475 803 comme-

368 840 738 906 moratione
792 848 906 904 aut
961 840 1156 904 laude
1209 840 1489 924 dignos;
1555 842 1674 906 sed
1724 844 1850 907 hoc
1900 843 2168 926 quidem
2217 842 2474 926 ignora-

366 946 566 1010 tione.
686 944 867 1028 Quid
921 944 1101 1008 enim
1157 953 1262 1009 est
1318 945 1678 1028 superioris
1732 946 1972 1012 aetatis
2033 947 2209 1031 quod
2271 947 2472 1012 scribi

367 1049 578 1133 possit
620 1049 705 1113 de
747 1047 863 1124 eis,
909 1047 991 1111 de
1024 1047 1262 1130 quibus
1296 1047 1475 1109 nulla
1507 1057 1941 1112 monumenta
1964 1048 2326 1131 loquuntur
2349 1071 2472 1114 nec

365 1153 643 1217 aliorum
676 1171 801 1217 nec
833 1150 1170 1234 ipsorum?
1255 1150 1362 1214 De
1395 1149 1492 1213 eis
1525 1158 1768 1226 autern,
1803 1170 1969 1233 quos
2002 1149 2130 1232 ipsi
2161 1149 2470 1225 vidimuS,

368 1258 703 1322 neminem
748 1256 893 1321 fere
937 1254 1537 1339 praetermittimus
1589 1252 1869 1339 [eorum,
1905 1274 2071 1337 quos
2118 1253 2473 1337 aliquando

270 1381 351 1423 182
364 1362 651 1427 dicentis
676 1358 1017 1445 vidimus}
1089 1357 1262 1423 Volo
1289 1358 1470 1422 enirn
1497 1358 1651 1423 sciri
1676 1358 1744 1420 in
1770 1366 1958 1421 tanta
1981 1366 2048 1421 et
2081 1366 2218 1421 tarn
2243 1368 2474 1421 vetere

368 1487 439 1530 re
471 1465 738 1549 publica
760 1463 1063 1528 maximis
1088 1462 1402 1546 praemiis
1428 1461 1847 1546 eloquentiae
1872 1461 2229 1545 propositis
2255 1461 2475 1525 omnis

368 1570 633 1653 cupisse
663 1568 900 1644 dicere,
935 1588 1067 1631 non
1102 1567 1423 1650 plurimos
1455 1587 1653 1631 ausos
1685 1585 1853 1643 esse,
1882 1565 2183 1649 potuisse
2206 1586 2471 1649 paucos,

371 1675 518 1757 Ego
564 1681 791 1737 tamen
824 1672 917 1736 ita
947 1672 1030 1736 de
1061 1693 1196 1736 uno
1228 1690 1493 1756 quoque
1525 1670 1758 1747 dicam,
1794 1678 1868 1735 ut
1913 1669 2214 1753 intellegi
2263 1670 2474 1753 possit

369 1797 567 1861 quem
634 1775 1008 1840 existimem
1076 1775 1525 1852 clamatorem,
1591 1795 1788 1858 quem
1849 1783 2182 1839 oratorem
2246 1774 2472 1839 fuisse.

371 1882 595 1946 Isdem
655 1880 796 1944 fere
856 1880 1271 1962 temporibus
1333 1888 1557 1944 aetate
1620 1878 1967 1943 inferiores
2021 1877 2221 1961 paulo
2276 1898 2475 1961 quam

373 1986 599 2061 Iulius,
650 1986 768 2049 sed
813 1984 1121 2068 aequales
1165 1985 1647 2067 propemodum
1694 1979 1965 2047 fuerunt
2017 1982 2089 2047 C.
2145 1981 2365 2059 Cotta,
2404 1983 2471 2046 P.

371 2088 726 2173 SulpiciuS,
778 2087 862 2171 Q.
911 2087 1175 2164 VariuS,
1227 2088 1347 2152 Cn.
1401 2086 1823 2170 Pomponius,
1860 2086 1934 2151 C.
1974 2085 2196 2162 Curi0,
2235 2086 2310 2150 L.
2350 2086 2478 2159 Fu-

369 2189 539 2271 fius,
566 2194 657 2257 M.
711 2193 993 2269 Drusus,
1046 2193 1112 2255 P.
1163 2191 1528 2268 Antistius,
1581 2211 1704 2256 nec
1751 2191 1886 2255 ulla
1936 2199 2156 2254 aetate
2212 2189 2477 2254 uberior

271 2307 700 2371 183oratorum
752 2296 934 2360 fetus
988 2295 1131 2359 fuit.
1229 2296 1332 2359 Ex
1383 2296 1490 2360 his
1548 2296 1751 2359 Cotta
1803 2303 1872 2359 et
1930 2293 2264 2377 Sulpicius
2320 2314 2473 2360 cum

369 2422 519 2466 meo
551 2399 793 2465 iudicio
823 2408 968 2464 tum
1000 2400 1298 2464 omnium
1332 2399 1530 2464 facile
1568 2400 1815 2482 primas
1847 2396 2186 2463 tulerunt.’

457 2506 593 2570 Hic
625 2504 921 2581 AtticuS,
954 2504 1141 2588 ‘Quo
1172 2505 1368 2569 modo
1402 2504 1576 2568 istuc
1607 2502 1814 2580 dicis,’
1850 2503 2085 2586 inquit,
2118 2509 2323 2567 “cum
2356 2511 2473 2566 tuo

368 2610 612 2675 iudicio
642 2618 787 2673 turn
818 2608 1117 2673 omnium
1139 2608 1220 2672 ”?
1312 2609 1681 2691 Semperne
1723 2608 1791 2671 in
1824 2616 2083 2671 oratore
2132 2606 2473 2689 probando

367 2724 485 2780 aut
516 2713 952 2796 improbando
984 2712 1162 2796 volgi
1195 2712 1510 2776 iudicium
1543 2732 1697 2777 cum
1730 2710 2268 2794 intellegentium
2312 2710 2474 2774 iudi-

368 2820 471 2884 cio
504 2817 830 2901 congruit,
865 2838 952 2881 an
983 2816 1093 2881 alii
1126 2816 1492 2900 probantur
1536 2835 1576 2878 a
1619 2814 2066 2892 multitudine,
2103 2813 2214 2878 alii
2246 2822 2471 2878 autem

367 2924 450 2988 ab
482 2923 596 2999 eiS,
631 2920 746 3005 qui
778 2921 1179 3004 intellegunt
1205 2918 1259 2983 ?’
1342 2927 1358 2955 ‘
1379 2921 1597 2984 Recte
1628 2916 1950 3003 requiris,’
1985 2918 2273 3003 inquam,
2312 2926 2329 2954 ‘
2350 2918 2473 2982 At-

366 3029 500 3092 tice
521 3048 536 3105 ;
574 3026 692 3090 sed
717 3025 947 3089 audies
973 3044 1053 3088 ex
1076 3044 1184 3088 me
1207 3021 1495 3088 fortasse
1519 3024 1695 3107 quod
1719 3043 1852 3087 non
1878 3043 2113 3087 omnes
2138 3021 2467 3106 probent.'

270 3132 521 3208 184‘An
551 3128 667 3207 tu,'
702 3129 936 3213 inquit,
977 3129 1077 3193 ‘id
1124 3129 1402 3204 laboraS,
1440 3128 1496 3192 si
1541 3128 1697 3193 huic
1743 3128 1939 3191 modo
1989 3128 2195 3190 Bruto
2243 3126 2472 3209 proba-

431 3338 534 3394 49·
587 3338 696 3389 181.
736 3345 849 3400 aut,
873 3352 933 3388 or
953 3353 1091 3388 even.
1470 3336 1528 3387 of
1566 3353 1740 3387 names
1781 3341 1821 3388 is
1867 3356 1898 3387 a
1938 3340 2217 3401 digression
2253 3343 2306 3386 to
2346 3337 2469 3401 Cap.

431 3409 571 3458 hoc:
610 3420 679 3455 sc.
704 3405 847 3455 facio
869 3421 926 3455 or
951 3406 1028 3455 fit.
1472 3414 1550 3470 55.

431 3472 570 3538 quid
596 3508 608 3521 .
636 3509 648 3521 .
676 3508 688 3521 .
713 3471 933 3532 acutia,
965 3477 1090 3521 etcn.»
1125 3485 1211 3521 see
1244 3476 1367 3520 text·
1535 3471 1703 3529 fetae,
1719 3470 1930 3533 growtb.

366 3541 451 3591 ual
474 3545 630 3589 notes.
1540 3535 1650 3599 183.
1706 3534 2177 3597 intellegentium,
2244 3534 2470 3584 connais-

440 3605 546 3654 182.
584 3605 879 3670 praemiis:
929 3605 988 3653 de
1019 3605 1108 3654 Or.
1132 3604 1173 3653 1.
1202 3615 1246 3669 5.
1277 3603 1363 3664 163
1468 3619 1646 3660 seurs,·
1686 3614 1803 3664 1993
1849 3600 1912 3650 cf.
1946 3601 2130 3650 doctis
2167 3601 2343 3659 below,
2368 3601 2470 3650 and

369 3674 411 3721 Ι.
434 3686 482 3734 4.
515 3685 588 3736 15.
1469 3670 1523 3718 in
1558 3669 1673 3730 1883
1724 3668 1839 3731 1983
1887 3681 2007 3732 3203
2049 3668 2216 3717 where
2252 3668 2338 3717 the
2371 3674 2471 3715 two

435 3737 828 3787 clamatorem:
870 3737 929 3786 de
958 3738 1047 3786 Or.
1071 3737 1143 3786 ΙΙ.
1169 3749 1246 3785 20.
1271 3736 1360 3796 863
1469 3737 1636 3786 words
1659 3751 1743 3785 are
1773 3734 1965 3798 joined.
2030 3734 2142 3784 The
2164 3734 2471 3798 subsequent

368 3803 467 3852 111.
494 3816 573 3852 21.
599 3803 678 3853 81.
1472 3803 1557 3853 eis
1570 3802 1670 3866 qui
1685 3801 2022 3864 intellegunt
2035 3800 2078 3849 is
2091 3815 2158 3849 an
2172 3800 2469 3864 equivalent.

439 3868 651 3920 Iulius:
707 3880 816 3932 177.
882 3868 1026 3918 After
1068 3868 1158 3920 the
1198 3867 1372 3919 buneh
1543 3867 1650 3931 184
1685 3867 1928 3929 laboras,
1960 3866 2072 3933 fiel
2098 3865 2360 3924 troubled,·
2416 3866 2470 3915 in
