2767 4334
228 402 251 451 ⁴.
319 402 380 453 12
978 414 989 426 ·
1283 402 1556 452 CICERO.

399 577 638 632 natura
684 567 1090 632 admirabilis
1148 577 1217 632 et
1278 567 1610 651 exquisita
1667 568 1973 633 doctrina
2031 578 2099 633 et
2159 569 2517 653 singularis

398 672 738 737 industria.
837 671 1006 736 Cum
1050 671 1229 736 enim
1272 671 1339 735 in
1383 671 1688 736 maximis
1734 672 1952 737 causis
1982 682 2286 738 versatus
2328 694 2514 738 esses

397 785 462 840 et
497 797 649 841 cum
682 776 803 841 tibi
835 785 1023 840 aetas
1070 787 1299 841 nostra
1344 776 1476 840 iam
1525 776 1789 841 cederet
1835 777 2168 860 fascisque
2218 778 2511 841 summit-

396 889 588 956 teret,
625 880 846 945 subito
894 880 960 944 in
1009 878 1278 945 civitate
1311 901 1461 945 cum
1507 880 1635 944 alia
1680 881 2083 957 ceciderunt,
2116 892 2259 945 tum
2309 881 2508 945 etiam

395 1006 473 1049 ea
505 985 663 1068 ipsa,
698 985 782 1049 de
814 1005 944 1068 qua
975 985 1315 1068 disputare
1346 985 1658 1061 ordimur,
1693 984 2071 1068 eloquentia
2103 984 2477 1049 obmutuit.’

309 1119 364 1163 23
481 1090 654 1152 Tum
703 1089 831 1165 ille,
870 1088 1299 1153 ‘Ceterarum
1348 1109 1566 1153 rerum
1616 1088 1855 1165 causa,’
1905 1089 2140 1173 inquit,
2186 1090 2395 1154 ‘istuc
2440 1100 2507 1153 et

394 1193 585 1257 doleo
627 1204 694 1258 et
738 1193 1095 1257 dolendum
1151 1202 1330 1276 puto.
1428 1193 1715 1259 Dicendi
1765 1203 1988 1258 autem
2036 1214 2143 1258 me
2192 1214 2323 1257 non
2369 1203 2505 1257 tam

393 1295 650 1362 fructus
704 1309 770 1362 et
826 1297 1036 1381 gloria
1094 1317 1291 1381 quam
1357 1297 1650 1361 studium
1714 1298 1930 1382 ipsum
1992 1298 2507 1381 exercitatioque

392 1401 723 1479 delectat;
768 1403 943 1485 quod
977 1401 1137 1465 mihi
1172 1401 1355 1465 nulla
1385 1422 1493 1466 res
1534 1401 1768 1485 eripiet
1816 1413 1885 1466 te
1930 1402 2321 1485 praesertim
2369 1412 2504 1467 tam

393 1507 693 1570 studioso
725 1505 871 1570 mei.
969 1494 1212 1570 Dicere
1251 1505 1428 1569 enim
1476 1506 1649 1570 bene
1696 1527 1893 1570 nemo
1939 1515 2181 1589 potest,
2218 1505 2348 1569 nisi
2394 1507 2505 1590 qui

391 1612 754 1694 prudenter
788 1609 1131 1693 intellegit.
1228 1609 1383 1693 Qua
1431 1630 1499 1674 re
1547 1610 1657 1693 qui
1706 1610 2124 1694 eloquentiae
2153 1631 2350 1674 verae
2392 1610 2504 1674 dat

390 1735 676 1831 operam,
712 1714 823 1778 dat
857 1713 1268 1796 prudentiae,
1295 1735 1426 1798 qua
1457 1735 1543 1778 ne
1576 1713 1879 1778 maximis
1911 1708 2228 1798 quidem
2213 1735 2279 1778 in
2312 1714 2506 1779 bellis

303 1846 359 1888 24
390 1806 599 1902 aequo
646 1812 867 1882 animo
914 1838 1138 1882 carere
1184 1817 1532 1901 quisquam
1588 1817 1851 1902 potest.’
1948 1826 1963 1853 ‘
1987 1817 2365 1895 Praeclare,’
2416 1819 2506 1882 in-

389 1943 606 2006 quam,
634 1931 649 1958 ‘
670 1924 894 1999 Brute,
929 1921 1096 1987 dicis
1128 1942 1339 2006 eoque
1374 1922 1590 2006 magis
1624 1923 1753 1986 ista
1784 1922 2046 1987 dicendi
2080 1922 2272 1987 laude
2296 1923 2509 1988 delec-

388 2037 510 2103 tor,
545 2027 720 2111 quod
763 2038 1003 2102 cetera,
1052 2047 1221 2110 quae
1261 2037 1419 2090 sunt
1466 2029 1799 2111 quondam
1846 2028 2074 2091 habita
2119 2027 2185 2091 in
2236 2027 2505 2092 civitate

387 2131 846 2215 pulcherrima,
881 2151 1080 2195 nemo
1122 2141 1224 2195 est
1256 2140 1394 2195 tam
1438 2131 1707 2196 humilis
1739 2131 1853 2215 qui
1887 2152 1959 2195 se
1991 2152 2124 2195 non
2158 2142 2271 2195 aut
2305 2153 2504 2215 posse

385 2235 662 2319 adipisci
693 2246 808 2299 aut
840 2235 1155 2318 adeptum
1188 2244 1415 2318 putet:
1461 2234 1884 2319 eloquentem
1935 2236 2271 2300 neminem
2311 2236 2503 2300 video

384 2340 638 2405 factum
670 2360 819 2404 esse
849 2339 1141 2404 victoria.
1240 2339 1373 2404 Sed
1406 2360 1537 2423 quo
1569 2339 1828 2404 facilius
1863 2360 2080 2403 sermo
2117 2339 2498 2422 explicetur,

385 2445 716 2521 sedenteS,
745 2443 800 2507 si
821 2444 1101 2520 videtur,
1136 2442 1455 2528 agamus!
1550 2443 1722 2508 Cum
1757 2444 1932 2508 idem
1967 2443 2321 2526 placuisset
2350 2444 2498 2519 illis,

384 2559 525 2612 tum
561 2548 628 2612 in
663 2548 924 2631 pratulo
956 2557 1228 2631 propter
1260 2546 1558 2612 Platonis
1589 2557 1878 2612 statuam
1914 2548 2356 2613 consedimus,

463 2742 699 2783 natura.
766 2734 1097 2783 ..doctrina
1162 2733 1397 2782 indus·
1566 2733 1749 2782 enim.
1804 2732 1961 2792 osten,
2009 2748 2064 2782 as
2109 2733 2244 2791 here,
2281 2733 2398 2782 with
2433 2750 2498 2783 an

393 2800 526 2850 tria:
554 2799 694 2848 three
711 2800 973 2863 requisites
991 2798 1335 2861 everywhere
1322 2814 1397 2846 ιιι
1498 2798 1709 2863 ellipsis;
1758 2799 1872 2863 (the
1895 2800 2152 2848 studium
2178 2799 2280 2862 just
2303 2800 2495 2864 spoken

393 2866 548 2915 sisted
567 2881 657 2924 on3
690 2865 753 2913 cf.
770 2865 858 2926 98;
896 2876 1011 2930 1253
1044 2877 1164 2928 272;
1193 2863 1312 2923 2803
1339 2866 1399 2912 de
1497 2865 1618 2914 osis
1641 2865 1928 2929 necessary)
1982 2881 2055 2924 o,r
2080 2873 2172 2913 etc.

402 2933 491 2980 Or.
509 2932 580 2979 11.
597 2943 675 2996 57.
693 2943 803 2994 232,
817 2947 874 2979 ea
891 2947 1022 2995 quae
1037 2937 1250 2989 natura,
1264 2947 1397 2995 quae
1564 2931 1886 2995 prudenter,
1911 2947 1981 2978 ce
1956 2931 2114 2994 early.

393 2997 574 3057 studio,
599 3012 729 3060 quae
751 2998 1112 3045 exercitatione
1134 2997 1390 3060 consequi·
1562 2997 1919 3061 prudentiae:
1942 3018 1988 3039 =
2008 3012 2037 3044 a
2055 2997 2324 3046 cultivated
2343 2997 2493 3047 clear·

393 3079 531 3112 mur.
599 3062 817 3111 Cicero's
858 3064 1187 3125 exaggerated
1226 3062 1390 3126 praise
1492 3077 1608 3111 ness
1644 3062 1704 3111 of
1738 3063 2157 3125 understanding;
2202 3064 2264 3112 cf.
2299 3064 2360 3111 de
2402 3065 2492 3112 Or.

391 3129 450 3177 of
469 3129 652 3177 Brutus
669 3128 844 3177 makes
863 3128 1002 3177 these
1026 3128 1391 3192 qualifications
1493 3129 1592 3178 111.
1639 3141 1713 3190 14.
1756 3140 1835 3194 55,
1876 3145 2017 3205 quae·
2058 3145 2159 3194 quo
2212 3131 2385 3177 maior
2430 3144 2497 3178 est

391 3211 459 3244 no
470 3195 567 3243 less
582 3195 853 3259 important
869 3194 945 3242 for
961 3193 1044 3242 the
1058 3194 1189 3242 ideal
1206 3201 1387 3242 orator
1490 3197 1582 3252 vis,
1628 3194 1716 3242 hoc
1766 3200 1837 3242 est
1878 3196 2039 3258 magis
2074 3195 2326 3258 probitate
2372 3196 2491 3243 iun-

456 3261 678 3310 causis:
740 3275 795 3309 as
839 3260 898 3308 of
938 3260 1222 3317 Deiotarus,
1269 3259 1389 3308 here
1481 3260 1650 3324 genda
1684 3276 1983 3325 summaque
2008 3262 2314 3325 prudentia.

390 3326 706 3385 mentioned;
772 3325 831 3374 of
889 3326 967 3375 his
1027 3326 1218 3374 father
1188 3341 1276 3374 ιιι
1259 3325 1388 3384 -,law
1560 3338 1637 3387 24.
1684 3327 2005 3388 quondam:
2044 3326 2205 3375 Caesar
2241 3327 2342 3376 had
2377 3327 2491 3375 low-

389 3396 522 3457 App.
547 3364 802 3450 Claud'ius,
827 3405 948 3455 230,
994 3404 1102 3455 324.
1490 3392 1607 3440 ered
1623 3392 1707 3440 the
1728 3392 1925 3454 highest
1946 3391 2182 3454 dignities
2201 3393 2266 3455 by
2281 3393 2490 3441 bestow-

456 3459 861 3508 summitteret.
913 3456 976 3506 cs.
1028 3458 1152 3507 Plin.
1201 3458 1268 3506 Ν.
1318 3457 1387 3505 H.
1490 3458 1579 3520 ing
1603 3458 1740 3505 them
1763 3473 1831 3506 on
1856 3457 1932 3506 his
1957 3458 2205 3507 savorites.
2254 3459 2491 3508 Senators

390 3525 750 3588 V11.30.112.
1490 3522 1555 3572 he
1601 3524 1761 3585 might
1808 3531 1971 3572 create
2017 3530 2068 3572 at
2107 3524 2236 3582 wilh
2298 3532 2489 3573 orators

456 3603 532 3653 23.
580 3590 842 3640 studioso
877 3589 1017 3639 mei.
1068 3589 1145 3665 cn·
1176 3589 1269 3651 643
1318 3588 1395 3636 ad
1489 3589 1640 3678 could
1687 3596 1776 3638 not
1821 3589 1884 3639 be
1928 3589 2076 3639 made
2122 3590 2186 3654 by
2224 3606 2321 3654 any
2361 3589 2489 3639 ‘vic-

388 3658 490 3770 {qdi-
510 3655 1387 3786 Cliltlero'zszhelpsuzngssatldlffffingzgr
1488 3661 1806 3780 torgtnnilis,
1830 3720 1943 3769 low-
1946 3720 2088 3771 born.

389 3795 597 3847 oratorS,
621 3787 683 3835 cf.
710 3787 787 3835 ad
803 3788 948 3836 Fam.
968 3787 1060 3835 IX.
1087 3786 1160 3835 16.
1183 3799 1226 3850 7,
1251 3788 1385 3835 Hir·
1555 3787 1806 3851 pratulo:
1856 3803 1886 3835 a
1924 3787 2067 3836 small
2106 3801 2246 3850 grass
2283 3788 2389 3853 plot
2422 3788 2491 3852 by

386 3856 518 3901 tium
577 3866 673 3916 ego·
712 3858 760 3900 et
811 3853 1124 3901 Dolabellam
1182 3852 1388 3901 dicendi
1489 3852 1574 3901 the
1596 3853 1769 3912 house,
1794 3869 1824 3900 a
1850 3854 1949 3915 city
1970 3853 2149 3910 lawn,·
2184 3870 2268 3902 see
2299 3867 2372 3903 10.
2398 3871 2449 3905 ιι.

386 3919 657 3981 discipulos
678 3919 839 3966 habeo.
904 3918 999 3968 See
1026 3918 1212 3965 Introd.
1242 3919 1312 3967 11.
1343 3930 1383 3966 1.
1557 3891 1837 3967 Platon'is·
1878 3919 1930 3967 fit
1954 3919 2148 3984 umpire
2172 3920 2248 3968 sor
2271 3919 2356 3968 the
2379 3935 2486 3969 ora-
