2767 4334
256 369 323 423 58

1226 371 1498 424 CICERO.

356 535 501 621 ipse
523 556 644 621 pro
668 556 817 603 sese
842 545 909 602 et
933 557 1147 622 pauca
1171 536 1243 602 C.
1272 536 1493 615 Cotta,
1522 537 1698 621 quod
1725 535 1969 601 sororis
1994 545 2135 601 erat
2160 535 2356 613 filius,
2373 572 2463 586 —

356 650 425 706 et
458 641 516 706 is
547 641 813 725 quidem
847 651 1076 707 tamen
1109 650 1182 707 ut
1214 650 1455 718 orator,
1490 661 1893 726 quamquam
1924 649 2066 706 erat
2102 641 2459 706 admodum

354 743 768 823 adulescens,
790 747 1014 812 -sed
1063 746 1144 830 Q.
1199 745 1468 812 Mucius
1514 745 1861 811 enucleate
1910 744 2020 810 ille
2069 744 2336 830 quidem
2391 756 2459 812 et

354 850 578 934 polite,
614 859 689 916 ut
736 851 1011 928 solebat,
1047 870 1465 935 nequaquam
1513 859 1739 915 autem
1785 869 1866 916 ea
1907 848 1975 913 vi
2013 859 2214 934 atque
2247 851 2455 936 copia,

354 974 550 1039 quam
577 975 792 1040 genus
818 954 978 1019 illud
1011 955 1237 1019 iudicii
1269 964 1337 1021 et
1370 955 1763 1039 magnitudo
1787 974 2028 1021 causae
2053 955 2455 1043 postulabat.

255 1074 341 1121 116
357 1059 706 1125 Habemus
739 1058 943 1144 igitur
965 1059 1034 1123 in
1070 1058 1317 1125 Stoicis
1348 1059 1723 1125 oratoribus
1750 1059 2098 1137 Rutilium,
2133 1060 2457 1126 Scaurum

252 1766 326 1822 81

255 1846 306 1880 11

355 1162 423 1227 in
469 1163 778 1248 antiquis.
868 1164 1251 1248 Utrumque
1296 1173 1521 1229 tamen
1568 1163 1932 1241 laudemuS,
1984 1165 2297 1249 quoniam
2342 1186 2462 1250 per

354 1266 502 1331 illos
563 1288 649 1333 ne
703 1268 868 1335 haec
921 1268 1190 1352 quidem
1246 1268 1314 1332 in
1368 1267 1642 1334 civitate
1693 1289 1943 1353 genera
1993 1269 2118 1336 hac
2173 1269 2461 1334 oratoria

351 1369 548 1437 laude
594 1381 989 1450 caruerunt;
1033 1371 1186 1437 volo
1230 1372 1412 1437 enim
1459 1381 1532 1437 ut
1579 1371 1648 1436 in
1695 1392 1953 1449 scaena,
1996 1373 2091 1438 sic
2137 1374 2339 1440 etiam
2388 1374 2457 1437 in

350 1472 497 1541 foro
542 1496 676 1540 non
723 1496 839 1541 eos
886 1477 1085 1542 modo
1129 1475 1402 1553 laudari,
1451 1475 1565 1560 qui
1611 1476 1810 1542 celeri
1857 1486 2043 1542 motu
2089 1485 2159 1543 et
2203 1478 2456 1543 difficili

353 1589 645 1657 utantur,
680 1581 797 1646 sed
829 1600 946 1647 eos
977 1581 1198 1658 etiam,
1234 1601 1401 1665 quos
1433 1580 1743 1646 statarios
1784 1581 2141 1664 appellant,
2176 1603 2454 1666 quorum

354 1683 439 1748 sit
474 1683 585 1749 illa
615 1683 895 1768 simplex
926 1684 995 1749 in
1027 1684 1289 1770 agendo
1319 1684 1585 1761 veritas,
1621 1705 1756 1751 non
1787 1685 2085 1751 molesta.

439 1788 529 1853 Et
576 1789 887 1873 quoniam
939 1789 1323 1855 Stoicorum
1371 1796 1477 1854 est
1524 1786 1705 1854 facta
1752 1788 2024 1867 menti0‚
2078 1789 2164 1874 Q.
2215 1790 2456 1856 Aelius

353 1894 622 1958 Tubero
652 1892 780 1957 fuit
821 1893 934 1957 illo
962 1902 1300 1976 tempore,
1337 1894 1415 1957 L.
1455 1892 1663 1958 Paulli
1711 1913 1939 1977 nepos,
1975 1893 2159 1958 nullo
2205 1894 2274 1958 in
2320 1902 2458 1961 ora-

353 2006 572 2061 torum
619 2017 916 2074 numero,
962 1999 1080 2063 sed
1116 1998 1256 2063 vita
1304 2017 1577 2063 severus
1627 2006 1695 2062 et
1746 2018 2124 2082 congruens
2173 2018 2325 2063 cum
2376 2019 2457 2064 ea

351 2101 706 2185 disciplina
749 2122 949 2185 quam
1012 2101 1291 2179 colebat,
1341 2100 1539 2185 paulo
1586 2101 1787 2166 etiam
1837 2101 2101 2180 durior;
2162 2102 2274 2187 qui
2322 2103 2459 2188 qui-

350 2207 504 2270 dem
537 2206 605 2269 in
637 2205 983 2270 tribunatu
1015 2195 1406 2271 iudicaverit
1441 2214 1676 2270 contra
1710 2206 1775 2271 P.
1805 2205 2113 2270 Africani
2146 2208 2456 2272 avunculi

351 2308 454 2374 sui
490 2308 953 2374 testimonium
984 2310 1401 2375 vacationem
1432 2329 1738 2394 augures,
1773 2330 1905 2393 quo
1940 2310 2161 2376 minus
2194 2310 2456 2379 iudiciis

350 2433 617 2497 operam
644 2414 896 2490 darent,
924 2433 1059 2477 non
1090 2414 1336 2478 habere
1359 2434 1375 2491 ;
1422 2422 1489 2478 et
1522 2422 1595 2477 ut
1620 2413 1760 2478 vita
1782 2414 1878 2478 sic
1904 2414 2204 2479 oratione
2228 2416 2451 2492 durus,

349 2516 662 2593 incultuS‚
683 2516 988 2582 horridus
1012 2538 1028 2595 ;
1074 2517 1299 2601 itaque
1320 2516 1685 2582 honoribus
1707 2517 2029 2583 maiorum
2051 2521 2453 2602 respondere

350 2641 484 2685 non
530 2620 767 2703 potuit.
864 2621 1020 2685 Fuit
1068 2631 1291 2686 autem
1339 2630 1659 2686 constans
1707 2621 1872 2687 civis
1920 2632 1988 2687 et
2033 2622 2229 2688 fortis
2276 2633 2344 2689 et
2383 2624 2451 2688 in

346 2767 436 2817 illo
448 2776 615 2832 paene
633 2767 886 2816 Socratico
898 2782 1087 2832 genere
1109 2768 1345 2835 dqt‘ensio-
1514 2767 1774 2829 molesta,
1799 2768 2036 2834 affected:
2070 2768 2133 2818 cf.
2162 2781 2255 2834 143
2262 2788 2279 2831 ς
2324 2782 2443 2836 3153

346 2834 433 2882 nis
453 2839 525 2883 est
544 2848 702 2889 usus:
736 2834 797 2883 de
825 2833 916 2884 Or.
941 2834 984 2883 1.
1011 2844 1090 2899 54.
1447 2834 1622 2898 Quint.
1648 2834 1740 2883 XI.
1768 2846 1813 2898 3.
1843 2833 1952 2896 183.

411 2900 605 2950 Cotta:
645 2911 756 2948 202.
1513 2897 1615 2953 81.
1670 2911 1778 2964 117.
1815 2913 2081 2950 severus:
2120 2900 2186 2951 cf.
2209 2900 2383 2965 Quint.
2408 2902 2450 2951 Ι.

412 2965 659 3025 Mucius,
683 2964 768 3014 the
782 2966 1020 3032 pontifex
1043 2965 1308 3015 maximus
1324 2981 1345 3014 .·
1452 2978 1527 3015 10.
1558 2976 1633 3030 15.
1810 2979 1822 2992 ·

346 3030 562 3081 Rutilius
606 3031 708 3081 had
754 3032 884 3080 been
935 3031 1012 3080 his
1057 3031 1250 3095 legatus
1293 3032 1345 3080 in
1515 3044 1868 3094 congruens:
1913 3043 2021 3091 141.

342 3098 481 3156 Asia,
504 3108 600 3145 nc.
626 3096 706 3159 98,
731 3096 833 3146 and
867 3096 1007 3146 there
1041 3098 1225 3146 earned
1260 3097 1346 3146 the
1514 3098 1729 3148 durior:
1800 3096 1864 3147 ef.
1902 3104 2005 3160 pro
2046 3099 2199 3147 Mur.
2242 3099 2321 3162 36.
2370 3112 2450 3166 75,

343 3163 520 3212 hatred
544 3162 603 3212 of
620 3164 707 3219 the
721 3163 1011 3226 publicani.
1445 3164 1613 3214 where
1675 3163 1851 3213 Cicero
1911 3178 2023 3227 says
2084 3164 2193 3242 that
2246 3165 2449 3216 Tubero

415 3241 434 3277 1
448 3230 522 3279 16.
558 3229 836 3293 antiquis:
876 3229 955 3279 i.e.
985 3229 1206 3294 severely
1228 3230 1343 3280 sim·
1445 3231 1651 3281 showed
1706 3245 1739 3278 a
1793 3233 1807 3256 ‘
1823 3244 2053 3294 perverse
2099 3231 2338 3281 msdom’
2394 3233 2449 3282 in

342 3295 450 3361 ple;
482 3294 544 3346 ef.
569 3309 635 3357 94
642 3313 658 3356 3
696 3307 811 3358 1323
833 3304 936 3360 pro
958 3297 1085 3346 Rab.
1110 3298 1237 3346 Post.
1269 3309 1341 3346 10.
1446 3298 1644 3362 meanly
1668 3297 1938 3360 arranging
1972 3296 2060 3345 the
2092 3296 2285 3348 funeral
2319 3298 2448 3349 feast

345 3375 423 3428 27,
452 3361 705 3421 Rutilius,
732 3362 1086 3413 documentum
1110 3364 1343 3428 antiqui·
1445 3364 1524 3414 for
1548 3364 1735 3428 Scipio,
1760 3364 1861 3413 and
1885 3363 1982 3413 lost
2013 3380 2045 3415 a
2077 3365 2371 3430 praetorship
2394 3365 2448 3414 in

342 3430 478 3478 tatis.
1243 3469 1252 3478 .
1445 3446 1807 3495 consequence.

409 3510 634 3573 genera,
656 3496 826 3560 styles:
861 3497 949 3548 the
971 3497 1110 3549 Stoic
1132 3497 1235 3547 and
1257 3495 1345 3546 the
1510 3497 1610 3561 qui
1649 3498 1900 3562 quidem,
1941 3499 2080 3548 since
2115 3497 2192 3558 he,
2230 3502 2356 3548 ete:
2412 3513 2446 3546 a

343 3561 584 3611 old-tune.
1443 3564 1642 3625 ground
1671 3563 1787 3628 (not
1821 3564 1907 3614 the
1941 3563 2060 3628 only
2083 3562 2209 3628 one)
2248 3562 2328 3614 for
2361 3562 2447 3613 the

409 3629 697 3679 statarios:
737 3642 857 3694 2393
896 3629 984 3680 the
999 3629 1142 3679 word
1163 3629 1207 3679 is
1223 3627 1345 3678 here
1442 3628 1719 3694 preceding
1739 3636 2021 3680 statement.

342 3694 527 3758 doubly
540 3695 928 3760 metaphorica13
948 3695 1184 3761 properly
1198 3695 1345 3745 amil·
1511 3696 1806 3746 avunculi:
1845 3695 1930 3745 the
1950 3710 2177 3760 younger
2200 3695 2385 3761 Scipio.

341 3761 467 3823 itary
482 3768 606 3809 term
620 3761 753 3824 (Liv.
766 3763 859 3811 IX.
880 3775 938 3825 19
945 3778 958 3821 ;
983 3763 1159 3812 XXII.
1179 3759 1279 3825 18);
1304 3762 1345 3810 it
1509 3762 1886 3822 vacationem,
1910 3764 2209 3826 exemption.

339 3840 442 3875 was
457 3827 648 3876 carried
665 3843 784 3877 over
798 3834 850 3876 to
867 3828 953 3878 the
967 3836 1122 3891 stage,
1136 3829 1344 3877 whence
1507 3825 1863 3887 respondere,
1977 3830 2281 3890 corre-§pond
2382 3837 2444 3890 to,

341 3891 518 3940 Cicero
541 3893 777 3943 transfers
799 3894 839 3943 it
862 3900 916 3944 to
939 3895 1025 3944 the
1048 3895 1227 3945 forum.
1447 3893 1628 3944 match.
