2767 4334
1289 371 1576 424 BRurus
2382 334 2385 338 ’
2435 373 2529 427 133

326 543 513 599 erant
545 534 614 599 in
645 555 724 599 eo
756 534 1048 612 meliora,
1083 554 1252 618 quae
1285 534 1438 612 dixi,
1473 555 1607 599 non
1641 537 2170 601 contemnendae
2200 546 2428 602 tamen

327 660 618 724 saneque
648 638 1044 704 tolerabiles.
1111 639 1245 703 Hic
1267 660 1420 704 cum
1446 661 1706 705 summa
1727 640 2072 705 voluntate
2102 642 2426 707 bonorum

325 743 557 809 aedilis
610 744 856 809 curulis
907 740 1127 809 factus
1182 754 1385 822 esset,
1434 744 1662 810 nescio
1709 765 1840 828 quo
1885 747 2082 810 modo
2128 746 2427 812 discessu

325 869 474 913 meo
519 848 827 914 discessit
858 869 898 912 a
929 868 1079 912 sese
1110 847 1499 932 ceciditque,
1534 858 1969 934 posteaquam
2018 870 2133 915 eos
2179 848 2425 917 imitari

323 953 540 1036 coepit
573 973 738 1036 quos
770 953 911 1035 ipse
943 961 1369 1035 perverterat.
2559 1012 2564 1016 .

262 1024 362 1136 >9
412 1057 546 1122 Sed
578 1058 662 1121 de
696 1058 785 1121 M.
826 1055 1080 1122 Calidio
1111 1056 1408 1121 dicamus
1440 1055 1704 1140 aliquid,
1733 1056 1845 1141 qui
1876 1078 2011 1121 non
2041 1058 2169 1122 fuit
2201 1068 2423 1123 orator
2441 1089 2528 1134 274

323 1182 497 1225 unus
528 1181 566 1225 e
599 1160 844 1238 multiS,
880 1160 1103 1244 potius
1135 1159 1311 1226 inter
1340 1160 1587 1225 multos
1625 1181 1830 1244 prope
1872 1160 2226 1246 singularis
2261 1163 2389 1227 fuit
2408 1185 2425 1243 ;

324 1265 419 1329 ita
463 1265 838 1330 reconditas
885 1263 1381 1348 exquisitasque
1427 1265 1797 1330 sententias
1845 1265 2060 1355 mollis
2108 1275 2176 1330 et
2223 1267 2451 1351 pellu-'

324 1389 485 1433 cens
525 1369 854 1434 vestiebat
899 1368 1127 1433 oratio.
1230 1368 1418 1433 Nihil
1464 1378 1603 1433 tam
1649 1378 1956 1434 tenerum
2004 1391 2202 1454 quam
2250 1370 2425 1438 illius

323 1473 825 1556 comprehensio
869 1473 1244 1549 verborum,
1289 1472 1455 1537 nihil
1500 1483 1638 1537 tam
1685 1473 1989 1551 flexibile,
2039 1473 2203 1538 nihil
2250 1476 2426 1558 quod

323 1578 535 1662 magis
567 1577 773 1661 ipsius
805 1577 1075 1642 arbitrio
1107 1578 1490 1661 fingeretur,
1519 1586 1594 1641 ut
1627 1577 1870 1642 nullius
1902 1579 2182 1643 oratoris
2215 1599 2427 1663 aeque

323 1682 391 1745 in
422 1691 756 1764 potestate
786 1680 1004 1746 fuerit.
1102 1681 1294 1765 Quae
1325 1681 1611 1764 primum
1644 1681 1737 1745 ita
1766 1702 1932 1765 pura
1969 1690 2110 1747 erat
2148 1692 2222 1747 ut
2262 1683 2428 1747 nihil

324 1785 653 1870 liquidiuS,
699 1785 794 1850 ita
837 1785 1044 1850 libere
1089 1786 1339 1850 fluebat
1385 1795 1459 1850 ut
1507 1806 1834 1869 nusquam
1880 1787 2428 1866 adhaeresceret;

326 1890 578 1954 nullum
622 1889 751 1953 nisi
791 1889 937 1953 loco
979 1889 1271 1972 positum
1323 1899 1391 1953 et
1440 1898 1779 1973 tamquam
1829 1889 1897 1954 in
1947 1891 2429 1956 “vermiculato

325 1991 783 2070 emblemate,’'
829 2001 903 2057 ut
949 1993 1041 2056 ait
1091 1993 1408 2069 Lucilius,
1451 2003 1779 2059 structum
1816 1995 2093 2059 verbum
2134 1995 2427 2074 videres;

325 2117 449 2161 nec
484 2117 642 2161 vero
684 2096 892 2161 ullum
928 2107 1041 2161 aut
1086 2097 1325 2161 durum
1367 2107 1482 2161 aut
1525 2097 1819 2162 insolens
1860 2107 1975 2162 aut
2019 2099 2267 2163 humile
2310 2109 2425 2163 aut

325 2200 588 2285 longius
620 2202 932 2267 ductum:
977 2221 1056 2264 ac
1086 2221 1220 2265 non
1252 2200 1518 2284 propria
1546 2202 1750 2266 verba
1779 2222 2019 2279 rerum,
2055 2203 2175 2267 sed
2219 2202 2428 2287 plera-

325 2429 406 2478 M.
432 2427 679 2487 Caelium,
704 2427 886 2477 melius
908 2425 1195 2476 obicientem
1223 2428 1324 2477 cri-

327 2495 475 2543 mina
531 2510 687 2557 quam
740 2492 1097 2559 defendentem,
1143 2493 1323 2542 bonam

326 2560 575 2619 dextram,
611 2560 804 2607 malam
838 2559 1107 2607 sinistram
1143 2559 1326 2608 habere

326 2626 517 2675 dicebat
552 2624 784 2690 [Cicero]
799 2642 813 2684 3
866 2624 979 2688 (the
1018 2624 1153 2688 right
1186 2625 1325 2674 hand

326 2692 405 2741 fot
419 2692 505 2740 the
518 2692 701 2751 sword,
712 2691 798 2740 the
811 2691 903 2740 lest
916 2691 995 2740 for
1008 2692 1093 2740 the
1111 2690 1301 2754 shield)
1310 2728 1322 2740 .

392 2758 683 2808 discessu:
721 2764 773 2807 to
796 2757 997 2817 Cilicia;
1042 2756 1104 2806 cf.
1136 2769 1176 2805 1.
1203 2773 1252 2806 n.

391 2838 608 2874 asese:
657 2824 716 2873 de
748 2824 877 2873 Div.
914 2824 985 2873 II.
1025 2834 1103 2888 55.
1146 2835 1254 2884 114,
1290 2839 1324 2871 a

327 2891 607 2939 constantia
641 2896 790 2955 atque
812 2906 844 2938 a
870 2896 1030 2938 mente
1052 2896 1201 2953 atque
1222 2906 1254 2937 a
1278 2905 1326 2937 se

328 2957 429 3019 ipse
466 2956 716 3013 discessit,·
767 2956 826 3004 de
863 2956 983 3005 Fin.
1014 2955 1078 3005 V.
1118 2967 1193 3004 11.
1228 2967 1315 3018 333

326 3022 390 3070 cf.
413 3022 556 3071 Caes.
586 3022 653 3071 B.
685 3022 736 3071 C.
765 3022 808 3070 1.
838 3033 916 3086 75,
947 3022 1178 3070 Petreius
1208 3037 1326 3069 vero

329 3103 430 3136 non
453 3087 636 3136 deserit
652 3103 762 3137 sese.
811 3088 952 3136 Here
971 3087 1055 3136 the
1071 3087 1193 3136 verb
1207 3102 1324 3147 was,

327 3153 385 3201 os
413 3168 604 3213 course,
628 3154 896 3216 suggested
922 3153 988 3217 by
1011 3153 1097 3202 the
1117 3154 1324 3218 preced-

328 3219 416 3282 ing
437 3220 760 3269 substantive.

395 3297 505 3349 274.
541 3299 726 3336 unus:
793 3287 937 3335 Tusc.
977 3286 1020 3335 Ι.
1060 3299 1108 3348 9.
1154 3297 1230 3349 17,
1271 3290 1331 3334 ut

326 3352 659 3402 homunculus
683 3368 820 3401 unus
841 3367 868 3400 e
889 3351 1099 3408 multis:
1129 3350 1192 3401 cf.
1211 3363 1325 3415 320.

394 3418 727 3481 singularis:
767 3430 878 3481 293.

391 3485 703 3535 vestiebat:
738 3484 825 3533 the
845 3483 987 3532 word
1009 3484 1131 3533 used
1164 3483 1218 3533 in
1241 3484 1326 3533 de·

328 3549 547 3614 scribing
582 3550 668 3599 the
706 3551 841 3599 third
875 3556 989 3615 part
1024 3548 1084 3599 of
1114 3556 1326 3615 oratory,

330 3616 568 3673 elocutio:
618 3616 677 3665 de
722 3617 810 3667 Or.
852 3617 896 3666 I.
938 3628 1017 3680 31.
1062 3628 1172 3678 142,
1219 3623 1328 3664 tum

330 3698 388 3731 ea
443 3682 662 3748 denique
714 3683 895 3732 vestire
943 3688 1092 3747 atque
1139 3698 1330 3731 ornare

329 3750 571 3799 oratione.

396 3822 685 3865 tenerum:
742 3812 829 3878 383
888 3814 947 3862 de
986 3814 1075 3863 Or.
1111 3814 1212 3863 III.
1247 3825 1328 3879 45.

1425 2434 1601 2477 tenera
1636 2431 1685 2476 et
1715 2427 1789 2477 ita
1807 2428 2077 2493 flexibilis,
2102 2434 2162 2478 ut
2190 2436 2431 2494 sequatur

1426 2501 2362 2637 ᾳαὲιειῖἔῖἵεεὲνὲεἴεέὶοηιρνεῇεωίο.

1490 2639 1667 2688 quae:
1705 2626 1977 2690 according
2008 2632 2061 2675 to
2094 2626 2179 2675 the
2211 2642 2356 2677 sense
2378 2648 2429 2671 =

1425 2693 1620 2741 oratio.
2339 2691 2344 2697 '

1489 2757 1781 2821 liquidiuS,
1859 2773 1996 2807 more
2055 2758 2247 2823 limpid
2265 2776 2291 2816 ,-

1425 2832 1604 2882 esset3
1647 2823 1705 2872 de
1736 2824 1825 2873 Or.
1852 2824 1922 2873 II.
1951 2822 2028 2888 38.
2060 2836 2168 2889 159.

1491 2890 1936 2950 adhaeresceret,
1950 2890 2212 2957 faltered,·
2248 2902 2358 2955 320.
2436 2890 2438 2892 ’

1491 2956 1648 3006 loeo:
1695 2977 1745 2999 =
1780 2972 1869 3005 suo
1916 2957 2027 3016 loce,
2074 2957 2128 3005 in
2172 2956 2257 3006 the
2301 2958 2433 3021 right

1425 3022 1591 3086 place;
1636 3022 1712 3069 ad
1737 3023 1883 3071 Fam.
1922 3023 2014 3070 IX.
2051 3023 2124 3071 16.
2148 3038 2205 3086 43
2249 3024 2307 3073 de
2336 3025 2432 3092 Off.

1427 3088 1526 3136 III.
1549 3101 1596 3149 9.
1622 3087 1709 3152 38;
1763 3089 1907 3137 Tusc.
1940 3089 2011 3138 11.
2042 3101 2118 3139 11.
2144 3089 2223 3139 26.

1492 3154 1831 3204 emblemate
1860 3172 1873 3203 z
1928 3154 2206 3218 (tesselated
2230 3155 2424 3221 work);

1428 3220 1650 3269 Lucilius
1683 3221 1737 3269 in
1771 3221 1829 3268 de
1873 3221 1962 3270 Or.
2000 3223 2098 3272 III.
2132 3235 2215 3286 43.
2246 3234 2355 3286 171,
2379 3229 2439 3272 ut

1426 3287 1688 3335 tesserulae
1742 3302 1910 3335 omnes
1969 3296 2081 3337 arte
2138 3289 2437 3354 pavimento

1427 3359 1576 3417 atque
1608 3353 1887 3402 emblemate
1925 3356 2290 3413 vermiculato,·
2343 3355 2431 3404 Or.

1426 3432 1507 3481 44.
1539 3432 1646 3481 149,
1670 3420 1773 3469 and
1800 3420 2039 3484 Sandys’s
2062 3428 2199 3472 note.

1495 3494 1804 3536 structum:
1848 3486 1910 3536 cf.
1938 3500 2016 3551 33.

1495 3552 1742 3602 humile:
1783 3554 1909 3603 Hor.
1937 3557 2002 3603 A.
2026 3555 2087 3603 P.
2114 3565 2226 3615 229,
2254 3569 2318 3602 ne
2343 3590 2356 3602 .
2382 3590 2395 3603 .
2419 3589 2433 3603 .

1430 3618 1611 3680 migret
1642 3619 1702 3667 in
1738 3619 1965 3668 obscuras
1998 3619 2190 3669 humili
2209 3634 2436 3668 sermone

1430 3683 1699 3740 tabernas:
1741 3676 1912 3747 Quint.
1949 3686 2044 3736 XI.
2086 3697 2127 3734 1.
2163 3685 2211 3745 6,
2243 3685 2437 3734 humile

1432 3756 1580 3813 atque
1601 3750 1915 3799 cotidianum
1939 3751 2185 3801 sermonis
2197 3767 2373 3816 genua

1497 3815 1728 3878 longius
1792 3816 2046 3879 ductum,
2108 3817 2433 3884 sar-feteam,-

2357 2774 2427 2809 SC.

337 3880 452 3945 1763
519 3881 608 3930 Or.
654 3880 727 3930 16.
770 3892 850 3947 52,
886 3880 1049 3930 oratio
1088 3880 1250 3929 mollis
1288 3887 1337 3929 et
1432 3880 1490 3931 de
1530 3882 1617 3932 Or.
1655 3881 1753 3936 111.
1788 3894 1870 3947 41.
1910 3882 2019 3948 163.
