2767 4334
301 357 369 409 20

305 1589 362 1635 41
394 1560 537 1624 bus.

1271 354 1543 405 CICERO.

389 531 578 585 erant
631 542 828 604 quam
885 530 990 585 est
1047 522 1265 585 Roma
1316 521 1400 584 ad
1457 519 1851 584 hodiernum
1906 520 2103 584 diem.
2209 521 2351 584 Nec
2414 529 2508 583 ta-

389 646 543 689 men
588 624 820 689 dubito
870 625 1030 708 quin
1078 623 1383 688 habuerit
1430 623 1564 688 vim
1611 644 1919 707 magnam
1968 644 2231 707 semper
2276 623 2502 688 oratio.

302 759 362 803 40
393 730 629 813 Neque
677 728 855 792 enim
906 728 1035 792 iam
1082 727 1341 792 Troicis
1388 728 1801 811 temporibus
1853 737 2115 792 tantum
2170 728 2384 792 laudis
2436 728 2506 790 in

390 833 674 898 dicendo
731 831 912 897 Ulixi
965 831 1310 896 tribuisset
1370 831 1713 897 Homerus
1761 841 1829 896 et
1881 832 2174 910 Nestori,
2227 853 2505 916 quorum

391 937 673 1001 alterum
706 935 837 1000 vim
885 936 1130 1001 habere
1161 935 1389 1012 voluit,
1424 936 1709 1000 alterum
1758 937 2175 1013 suavitatem,
2210 936 2339 1000 nisi
2377 936 2505 1000 iam

392 1053 535 1105 tum
584 1049 762 1104 esset
809 1039 1024 1104 honos
1070 1040 1509 1123 eloquentiae,
1545 1061 1762 1125 neque
1795 1041 1937 1125 ipse
1968 1050 2169 1124 poeta
2214 1041 2323 1104 hic
2368 1051 2506 1103 tam

393 1146 568 1209 idem
601 1153 876 1209 ornatus
924 1144 993 1207 in
1040 1144 1325 1208 dicendo
1370 1164 1450 1209 ac
1494 1144 1691 1228 plane
1737 1154 1959 1208 orator
1988 1145 2270 1222 fuisset3
2319 1144 2508 1208 cuius

392 1248 521 1315 etsi
568 1248 824 1312 incerta
869 1256 1025 1313 sunt
1071 1257 1393 1331 tempora,
1429 1257 1657 1312 tamen
1704 1247 1899 1313 annis
1930 1248 2160 1313 multis
2189 1245 2319 1312 fuit
2350 1258 2510 1313 ante

396 1352 775 1427 Romulum,
811 1353 869 1416 si
917 1352 1183 1435 quidem
1241 1372 1376 1414 non
1434 1351 1608 1415 infra
1660 1352 2066 1435 superiorem
2122 1352 2509 1438 Lycurgum

392 1456 537 1533 fuit,
571 1474 611 1519 a
655 1476 787 1539 quo
818 1464 922 1519 est
953 1454 1305 1537 disciplina
1337 1455 2012 1521 Lacedaemoniorum
2046 1456 2324 1521 astricta
2352 1456 2510 1540 legi-

393 1665 461 1728 in
510 1663 874 1729 Pisistrato,

635 1559 770 1624 Sed
813 1559 1109 1623 studium
1141 1559 1287 1624 eius
1318 1559 1587 1642 generis
1618 1561 1958 1643 maiorque
1987 1560 2090 1625 vis
2119 1561 2513 1645 agnoscitur

970 1663 1280 1748 Denique
1325 1664 1506 1728 hunc
1553 1664 1850 1746 proximo
1898 1664 2164 1729 saeculo
2208 1664 2513 1728 Themis-

394 1767 605 1832 tocles
650 1767 996 1832 insecutus
1044 1776 1166 1844 est,
1202 1776 1274 1831 ut
1322 1768 1499 1849 apud
1546 1788 1669 1831 nos
1724 1766 2177 1850 perantiquuS,
2212 1777 2285 1831 ut
2332 1769 2510 1850 apud

395 1870 839 1936 Atheniensis
889 1882 1023 1934 non
1075 1870 1168 1935 ita
1216 1891 1377 1935 sane
1425 1880 1635 1935 vetus,

471 2097 579 2133 nec
602 2090 825 2133 tamen:
875 2081 954 2132 i.e.
991 2081 1183 2145 though
1217 2088 1409 2131 orators

405 2164 535 2198 were
560 2164 616 2197 so
639 2148 740 2197 late
763 2163 794 2196 a
815 2148 1027 2213 product
1051 2148 1103 2196 in
1128 2148 1334 2197 Greece.

470 2227 551 2276 40.
589 2214 771 2264 Ulixi:
808 2214 872 2263 Il.
898 2214 1000 2262 ΙΙΙ.
1028 2214 1123 2263 216
1145 2229 1219 2278 sq.

474 2280 736 2330 Nestori.
772 2280 837 2329 Il.
861 2280 903 2329 I.
930 2292 1025 2345 247
1048 2295 1146 2345 sq.;
1191 2279 1256 2328 cf.
1284 2280 1407 2329 Tac.

403 2348 553 2397 Dial.
583 2346 659 2396 16.

471 2420 652 2463 esset.
701 2411 900 2478 imperf.
941 2411 1018 2460 for
1051 2427 1083 2460 a
1115 2411 1410 2474 continuing

405 2478 536 2528 fact.
573 2479 638 2529 cf.
663 2479 775 2542 238.
800 2495 874 2539 n.;
920 2478 993 2528 M.
1019 2477 1178 2541 347b.
1215 2476 1320 2541 (2).

472 2545 668 2609 plane:
724 2557 845 2605 2213
903 2556 1014 2610 ²50·
1097 2545 1181 2592 An
1223 2542 1408 2591 adverb

406 2626 520 2673 may
547 2626 855 2685 accompany
888 2626 920 2660 a
953 2625 1091 2659 noun
1119 2609 1282 2657 which
1316 2608 1408 2656 has

405 2692 472 2725 an
494 2674 736 2739 adjective
761 2677 1028 2734 character,
1045 2702 1112 2712 —
1127 2676 1181 2724 in
1209 2674 1406 2739 apposi-

407 2742 531 2802 tion,
560 2757 618 2790 or
644 2741 728 2806 (as
761 2741 907 2804 here)
946 2757 977 2790 a
1010 2741 1291 2804 predicate.
1341 2739 1406 2789 cf.

403 2808 514 2872 Juv.
548 2809 588 2856 Ι.
627 2821 669 2869 1,
704 2809 914 2858 auditor
949 2814 1152 2855 tantum
1193 2807 1285 2869 (sc.
1322 2821 1409 2853 ero

405 2889 462 2922 or
484 2873 640 2938 sim);
684 2876 782 2924 ΙΙΙ.
812 2887 891 2937 34,
918 2873 1176 2937 quondam
1210 2872 1268 2922 hi
1301 2887 1405 2920 cor-

405 2941 641 2998 nicines,·
679 2953 755 3004 72,
779 2941 1020 3004 quintum
1046 2938 1256 2987 consule.
1308 2939 1407 2986 But

405 3006 443 3055 it
483 3006 529 3055 is
568 3006 900 3069 occasionally
942 3005 1102 3054 found
1141 3004 1246 3053 also
1284 3005 1406 3053 with

405 3089 569 3122 nouns
593 3073 652 3121 of
667 3089 698 3121 a
719 3072 905 3135 strictly
933 3071 1241 3120 substantive
1264 3071 1406 3120 char-

404 3145 567 3187 aeter:
604 3154 686 3202 eg.
708 3139 820 3187 Ter.
845 3138 1015 3187 Andr.
1049 3149 1157 3201 175,
1181 3139 1262 3186 eri
1283 3153 1405 3185 sem-

395 3211 494 3267 per
518 3205 741 3260 lenitas,·
776 3205 836 3253 de
865 3205 961 3270 Off
989 3203 1060 3252 11.
1089 3203 1135 3251 6.
1162 3216 1241 3263 2ο,
1265 3210 1406 3267 saepe

405 3270 599 3319 civium
633 3271 983 3333 expulsiones,·
1020 3269 1170 3330 Verg.
1198 3271 1327 3317 Aen.
1361 3269 1404 3316 Ι.

409 3335 518 3397 198,
553 3343 674 3384 ante
706 3337 999 3391 malorum:
1036 3334 1136 3382 ΙΙΙ.
1162 3333 1277 3395 489,
1299 3336 1404 3383 sola

405 3403 505 3451 mei
536 3409 689 3464 super
712 3400 1036 3463 Astyanactis
1073 3400 1255 3463 imago.
1323 3400 1402 3451 Cf.

404 3479 517 3531 250,
554 3467 713 3530 plane
750 3468 927 3514 virum
943 3482 968 3522 ,·
1019 3466 1144 3515 such
1189 3465 1403 3516 colloca-

402 3533 535 3581 tions
562 3547 618 3580 as
642 3541 742 3595 pro
764 3532 886 3581 Mil.
918 3544 990 3596 17.
1014 3532 1096 3594 46,
1122 3533 1271 3581 cuius
1295 3534 1403 3582 iam

392 3598 601 3663 pridem
646 3599 924 3647 testimonio
938 3614 961 3655 ,·
1013 3600 1116 3647 and
1150 3599 1236 3648 the
1267 3599 1404 3648 well-

400 3665 589 3713 known
636 3664 802 3713 Greek
850 3665 1207 3714 construction.
1308 3666 1404 3715 See

401 3730 683 3794 Whitney’s
698 3731 893 3780 Essent.
908 3747 934 3778 o
971 3732 1190 3808 Engiish
1209 3732 1405 3790 Gram„

402 3795 1183 3911 ‘zpffinzntssllrthizfifirgifigS-''l'xm
1222 3798 1283 3847 V·
1325 3810 1406 3860 23

1748 1870 1907 1935 Fuit
1956 1870 2135 1935 enim
2183 1881 2512 1954 regnante

1575 2089 1791 2132 orator:
1817 2081 1987 2145 Quint.
2012 2081 2079 2131 X.
2109 2093 2152 2131 1.
2169 2080 2251 2144 46,
2268 2082 2353 2132 hic
2369 2084 2512 2133 enim

1561 2182 1572 2196 .
1611 2183 1623 2197 .
1657 2148 1893 2197 omnibus
1930 2148 2242 2212 eloquentiae
2264 2149 2513 2213 partibus

1507 2214 1788 2278 exemplum
1812 2221 1861 2262 et
1878 2220 2047 2262 ortum
2071 2213 2218 2263 dedit.

1575 2280 1746 2330 infra.
1769 2295 1883 2342 very
1901 2294 2010 2329 rare
2028 2280 2082 2328 in
2095 2279 2181 2328 the
2198 2280 2316 2329 time
2332 2295 2503 2342 sense3

1508 2345 1572 2395 cf.
1597 2345 1853 2395 adverbial
1878 2361 1981 2404 use,
2005 2344 2178 2407 Quint.
2208 2346 2249 2394 Ι.
2278 2358 2320 2409 7.
2348 2359 2428 2395 20.

1574 2402 1954 2475 superiorem.
1984 2411 2278 2461 Fleckeisen
2295 2411 2513 2476 (Jahrb.

1514 2489 1622 2540 127,
1636 2493 1685 2541 p.
1704 2476 1826 2540 210)
1844 2478 2229 2542 quotesdeRep.
2245 2478 2314 2526 ΙΙ.
2338 2490 2412 2527 ιο.
2433 2478 2511 2539 18,

1508 2549 1708 2591 centum
1733 2550 1781 2592 et
1804 2551 1903 2593 octo
1934 2546 2096 2593 annis
2119 2551 2390 2608 postquam
2412 2546 2511 2608 Ly·

1508 2625 1694 2673 curgm
1711 2612 1833 2673 leges
1847 2611 2062 2659 scribere
2076 2611 2318 2669 instituit,
2325 2611 2511 2674 prima

1511 2678 1678 2739 posita
1712 2683 1784 2724 est
1815 2677 2090 2739 Olympias,
2113 2692 2270 2741 quam
2297 2677 2509 2740 quidam

1510 2743 1740 2790 nominis
1774 2757 1951 2790 errore
1988 2742 2052 2790 ab
2085 2743 2246 2791 eodem
2283 2743 2512 2806 Lycurgo

1509 2809 1832 2857 constitutam
1858 2814 2058 2872 putant
2067 2824 2091 2865 ,·
2127 2808 2193 2856 cf.
2230 2807 2356 2857 Plut.
2385 2809 2504 2872 Lyc.

1514 2884 1555 2922 1.

1573 2940 1830 2989 astricta:
1868 2939 1924 2988 fit
1962 2939 2102 2988 word
2140 2938 2215 2988 sor
2254 2939 2340 2988 the
2380 2941 2510 3002 rigid

1509 3005 1723 3069 Spartan
1821 3005 2010 3068 reg-ime
2115 3005 2471 3070 (disciplina)
2484 3023 2499 3065 ;

1506 3072 1679 3135 Quint.
1717 3071 1784 3119 II.
1823 3083 1867 3119 2.
1902 3084 1950 3132 4.

1570 3150 1650 3199 41.
1687 3137 2089 3201 perantiquus:
2125 3136 2188 3185 cf.
2215 3149 2295 3200 39.

1570 3212 1873 3266 regnante:
1910 3202 2154 3265 referring
2185 3208 2237 3251 to
2265 3203 2351 3252 the
2375 3219 2507 3252 com·

1506 3270 1747 3331 manding
1784 3268 2032 3318 influence
2067 3268 2126 3317 of
2156 3268 2347 3318 Greece
2382 3269 2509 3318 after

1506 3336 1591 3384 the
1616 3337 1817 3385 Persian
1842 3351 1957 3383 war.

1571 3403 1784 3451 nonita
1802 3402 2049 3466 pridem:
2081 3413 2196 3464 1373
2231 3415 2351 3464 2443
2379 3404 2507 3451 Hor.

1505 3471 1570 3517 A.
1592 3470 1652 3517 P.
1689 3480 1800 3533 254.
1874 3468 1956 3516 Ita
1988 3468 2030 3516 is
2065 3468 2351 3517 sometimes
2384 3470 2510 3519 used

1505 3533 1622 3582 with
1675 3549 1742 3582 no
1798 3535 2068 3598 expressed
2123 3535 2432 3595 correlative,
2455 3558 2506 3579 =

1506 3599 1590 3648 ‘in
1617 3615 1647 3648 a
1668 3599 1791 3662 high
1816 3601 2032 3664 degree’
2049 3619 2062 3650 :
2101 3601 2164 3651 cf.
2190 3602 2275 3650 the
2296 3602 2423 3666 Eng.
2442 3619 2509 3662 so,

1504 3664 1558 3714 in
1582 3666 1677 3715 ‘he
1710 3665 1754 3715 is
1786 3682 1843 3716 so
1876 3666 2044 3729 good,’
2069 3667 2124 3716 ‘I
2151 3684 2232 3716 am
2258 3683 2315 3717 so
2338 3669 2510 3732 sorry)

1503 3731 1629 3781 This
1664 3732 1739 3780 ita
1773 3732 1817 3781 is
1850 3733 1990 3781 often
2025 3734 2293 3783 combined
2322 3734 2444 3783 with
2478 3751 2511 3784 a

1507 3798 1766 3860 negative.
1804 3798 1867 3848 cf.
1890 3813 2009 3849 non
2044 3799 2123 3850 ita
2155 3813 2295 3850 sane
2322 3809 2509 3862 vetus,

1504 3862 1605 3925 just
1628 3863 1803 3913 above.
