2767 4334
1313 380 1603 433 BRUTUS.
2490 379 2556 432 93

352 549 610 634 probat.
685 548 905 613 Tenet
937 545 1117 612 enim
1141 546 1320 610 auris
1345 546 1452 610 v.el
1482 545 1837 611 mediocris
1868 554 2107 622 orator,
2135 544 2223 609 sit
2255 545 2453 610 modo

351 652 597 736 aliquid
644 652 712 716 in
760 672 878 730 eo;
924 671 1049 716 nec
1095 671 1201 716 res
1245 650 1377 715 ulla
1421 650 1571 735 plus
1612 634 1789 735 apud
1819 649 2077 715 animos
2107 648 2452 715 hominum

351 778 549 841 quam
581 758 740 821 ordo
771 765 840 821 et
872 763 1147 821 ornatus
1178 755 1498 821 orationis
1528 755 1726 820 valet.

440 861 594 945 Qua
645 880 716 924 re
764 859 915 944 quis
965 880 1046 925 ex
1093 859 1356 943 populo,
1407 880 1559 925 cum
1613 859 1695 943 Q.
1752 857 2138 924 Scaevolam
2188 876 2309 942 pro
2359 859 2450 922 M.
2474 885 2556 931 194

353 965 655 1048 Coponio
687 964 1024 1028 dicentem
1057 963 1315 1028 audiret
1348 963 1418 1027 in
1450 983 1531 1029 ea
1571 983 1788 1039 causa,
1823 963 1907 1028 de
1949 982 2079 1046 qua
2108 971 2265 1028 ante
2295 961 2450 1039 dixi,

351 1067 701 1153 quicquam
733 1067 1004 1151 politius
1036 1076 1149 1131 aut
1182 1067 1558 1151 elegantius
1589 1076 1704 1132 aut
1745 1066 2019 1131 omnino
2056 1065 2294 1132 melius
2337 1075 2452 1131 aut

351 1181 766 1257 exspectaret
790 1181 905 1236 aut
938 1191 1135 1254 posse
1166 1172 1310 1237 fieri
1340 1180 1605 1255 putaret
1624 1153 1898 1262 ?„9‘Cum
1929 1170 1987 1236 is
2017 1172 2146 1237 hoc
2174 1170 2455 1254 probare
2472 1197 2554 1244 195

349 1278 571 1367 vellet,
620 1275 733 1341 Μ’.
786 1275 1084 1353 Curium,
1133 1296 1286 1341 curn
1341 1276 1436 1341 ita
1486 1277 1682 1340 heres
1736 1275 2089 1341 institutus
2142 1285 2343 1352 esset,
2395 1276 2452 1340 si

351 1382 636 1465 pupillus
660 1391 818 1446 ante
849 1390 1152 1447 mortuus
1183 1390 1362 1446 esset
1396 1401 1592 1463 quam
1625 1380 1693 1445 in
1719 1400 1907 1445 suam
1938 1379 2217 1445 tutelam
2242 1381 2455 1446 venis-

351 1495 472 1563 set,
508 1485 758 1569 pupillo
799 1506 934 1550 non
971 1494 1131 1550 nato
1172 1485 1486 1549 heredem
1529 1504 1681 1549 esse
1722 1504 1857 1548 non
1888 1503 2103 1567 posse,
2139 1484 2296 1568 quid
2341 1483 2453 1549 ille

351 1611 484 1655 non
518 1590 682 1654 dixit
714 1590 799 1655 de
828 1598 1387 1655 testamentorum
1420 1588 1609 1653 iure?
1657 1589 1741 1653 de
1781 1588 2073 1673 antiquis
2103 1589 2452 1654 formulis?

351 1715 548 1778 quem
572 1695 655 1759 ad
680 1694 948 1758 modurn
976 1692 1177 1758 scribi
1200 1692 1625 1777 oportuisset,
1653 1692 1709 1756 si
1740 1692 1942 1757 etiam
1967 1691 2103 1757 filio
2134 1713 2269 1758 non
2293 1701 2452 1757 nato

351 1798 543 1863 heres
576 1798 1084 1863 institueretur?
1129 1818 1325 1882 quam
1358 1798 1728 1881 captiosum
1762 1806 1943 1862 esset
1981 1796 2243 1881 populo,
2278 1798 2454 1881 quod
2471 1814 2556 1872 196

353 1902 673 1986 scriptum
715 1911 895 1967 esset
934 1901 1200 1986 neglegi
1241 1911 1310 1968 et
1352 1902 1667 1985 opinione
1704 1900 1930 1985 quaeri
1960 1900 2341 1966 voluntates
2382 1910 2451 1966 et
2566 1906 2570 1910 ’

352 2006 906 2090 interpretatione
951 2006 1349 2070 disertorum
1399 2006 1648 2089 scripta
1679 2004 2077 2088 simplicium
2108 2006 2450 2070 hominurn

353 2111 777 2194 pervertere?
867 2110 1087 2194 Quam
1120 2109 1230 2174 ille
1262 2110 1475 2174 multa
1519 2112 1603 2175 de
1646 2109 2043 2174 auctoritate
2088 2109 2297 2193 patris
2330 2109 2450 2186 sui,
2473 2138 2555 2184 197

354 2216 465 2298 qui
528 2235 791 2298 semper
844 2215 947 2279 ius
1007 2214 1169 2278 illud
1222 2233 1373 2279 esse
1426 2213 1861 2278 defenderat?
1929 2233 2128 2297 quarn
2180 2214 2452 2278 omnino

353 2319 562 2383 multa
605 2319 688 2383 de
736 2320 1189 2383 conservando
1222 2318 1364 2382 iure
1394 2318 1617 2383 civili?
1709 2317 1901 2401 Quae
1932 2317 2198 2401 quidem
2228 2318 2455 2383 omnia

354 2444 506 2488 cum
538 2422 750 2505 perite
774 2431 843 2486 et
874 2422 1183 2499 scienter,
1210 2431 1354 2486 tum
1389 2422 1482 2486 ita
1511 2421 1805 2486 breviter
1826 2430 1895 2487 et
1926 2440 2158 2504 presse
2188 2430 2256 2485 et
2289 2422 2452 2487 satis

355 2536 587 2591 ornate
617 2535 686 2592 et
723 2526 1186 2611 pereleganter
1215 2527 1487 2604 diceret,
1521 2525 1669 2611 quis
1701 2533 1882 2591 esset
1928 2523 1997 2589 in
2041 2524 2305 2609 populo,
2338 2526 2453 2610 qui

424 2706 562 2755 ordo
609 2711 668 2755 et
710 2713 976 2754 ornatus:
1035 2703 1123 2754 the
1166 2705 1357 2754 second

359 2771 460 2821 and
483 2769 619 2820 third
640 2777 779 2834 parts
802 2770 862 2820 of
878 2777 1092 2834 oratory.

429 2849 536 2898 194.
571 2834 717 2886 dixi=
760 2849 868 2899 144.

429 2914 538 2980 195.
573 2900 654 2953 ita
689 2938 702 2951 .
738 2939 750 2952 .
787 2939 800 2952 .
836 2902 916 2952 si:
966 2904 1044 2952 tle.
1078 2902 1238 2952 under
1271 2901 1358 2952 the

359 2967 623 3019 condition
657 2969 787 3028 that3
830 2967 894 3017 cf.
918 2968 1091 3031 Quint.
1115 2969 1180 3018 X.
1206 2981 1251 3033 7.
1282 2980 1356 3017 12.

359 3035 442 3084 Ita
462 3033 735 3085 restrictive
757 3034 800 3083 is
822 3033 1017 3083 oftener
1035 3033 1269 3084 followed
1291 3035 1356 3097 by

359 3109 450 3159 ut‚·
479 3101 765 3151 sometimes
785 3100 850 3163 by
869 3116 1002 3160 cum,
1020 3117 1104 3165 eg.
1125 3112 1236 3149 222.
1293 3101 1357 3149 In

371 3170 488 3233 Top.
530 3180 604 3218 10.
639 3183 721 3232 44,
757 3167 844 3216 the
877 3182 1015 3217 same
1048 3168 1143 3217 law
1164 3182 1279 3216 case
1313 3167 1357 3216 is

359 3236 554 3352 sppllxcen
567 3235 635 3296 of,
650 3235 1124 3369 αηὲίῐῐέἒοεὲιζιῖἰὲἱξη
1140 3233 1355 3300 phrased

358 3318 422 3351 wi
501 3320 576 3352 stc
601 3340 613 3353 .
640 3341 652 3354 .
678 3342 690 3354 .
876 3342 887 3353 .
1031 3340 1043 3353 .
1081 3339 1092 3351 .

426 3372 484 3421 in
542 3386 711 3423 suam
773 3373 1011 3422 tutelam
1067 3370 1351 3421 venisset:

365 3451 481 3504 ¹972
541 3439 601 3489 de
646 3440 738 3489 Or.
784 3440 825 3488 1.
868 3451 946 3502 39.
992 3437 1102 3488 180.
1186 3436 1355 3486 When

358 3505 499 3555 there
531 3519 634 3554 was
678 3521 747 3554 no
783 3506 970 3569 patria
1006 3511 1234 3569 potestas,
1270 3504 1356 3552 the

357 3571 457 3634 boy
496 3570 703 3621 became
741 3578 923 3621 master
961 3570 1020 3620 of
1058 3569 1264 3619 himself
1304 3575 1357 3618 at

359 3637 445 3686 the
468 3651 563 3700 age
587 3636 646 3686 of
663 3636 908 3687 fourteen.

423 3703 710 3753 formulis:
750 3715 871 3769 2753
916 3709 1018 3767 pro
1050 3703 1190 3752 Rosc.
1223 3702 1355 3751 Com.

359 3766 405 3818 8.
431 3782 519 3829 243
562 3769 621 3818 de
651 3769 739 3817 Or.
765 3769 806 3818 1.
832 3782 910 3831 39.
941 3767 1047 3818 180.

419 3847 439 3883 1
448 3834 527 3897 96.
545 3835 884 3900 captiosum,
895 3834 1194 3899 ensnaring,
1205 3834 1283 3883 tri
1284 3833 1359 3883 ck·

359 3900 437 3950 ish
450 3917 474 3957 ,·
510 3899 574 3950 cf.
598 3902 764 3965 captio
784 3900 964 3950 below.

1523 2702 1765 2768 populot
1804 2703 1882 2752 tle.
1907 2700 1994 2751 the
2023 2701 2341 2764 uninitinted,
2363 2718 2455 2754 1111-

1457 2769 1749 2834 suspecting
1770 2767 1955 2833 public.

1524 2834 1809 2899 opinione,
1832 2834 1892 2898 by
1914 2833 2213 2898 conjecture.

1523 2901 1859 3029 vgluntates,
1884 2900 2164 2950 intentions
2192 2898 2279 2966 (of
2304 2906 2453 2951 testa·

1458 2973 1561 3016 tors
1595 3004 1607 3017 .

1522 3039 1866 3098 pervertere:
1904 3046 1935 3079 a
1959 3030 2065 3080 like
2097 3031 2293 3097 change
2324 3032 2453 3083 from

1458 3115 1590 3164 pass.
1626 3106 1680 3148 to
1719 3106 1815 3148 act.
1854 3097 1991 3147 infin.
2028 3097 2072 3147 is
2107 3097 2269 3148 found
2306 3099 2361 3150 in
2397 3100 2456 3149 de

1466 3166 1556 3215 Or.
1581 3166 1653 3215 11.
1686 3177 1770 3228 41.
1799 3177 1915 3229 1773
1970 3162 2048 3213 cf.·
2068 3163 2129 3213 de
2162 3166 2282 3215 Fin.
2310 3166 2382 3217 11.
2408 3178 2454 3232 7.

1459 3245 1539 3282 21.
1605 3233 1670 3282 In
1703 3232 1762 3281 de
1790 3232 1881 3281 Or.
1904 3231 1948 3281 1.
1973 3229 2021 3281 8.
2045 3245 2125 3297 31,
2154 3235 2380 3284 converti
2411 3233 2456 3283 is

1456 3301 1555 3352 less
1572 3300 1856 3365 noticeably
1873 3307 1963 3366 put
1987 3299 2161 3351 beside
2185 3308 2280 3352 act.
2298 3300 2457 3351 infini-

1457 3368 1606 3430 tives;
1649 3368 1711 3419 cf.
1735 3369 1885 3433 Verg.
1911 3372 2043 3419 Aen.
2067 3367 2167 3418 111.
2192 3368 2336 3418 60-1.

1522 3449 1661 3554 111?ch
1669 3436 2102 3568 {ntbrdsforggoing
2124 3503 2456 3570 proposition,

1455 3571 1620 3620 stated
1642 3569 1696 3619 in
1725 3581 1783 3632 ¹9
1787 3582 1831 3635 5.

1522 3643 1677 3686 tum=
1714 3643 1805 3686 not
1829 3651 1860 3686 a
1882 3635 2173 3686 correlative
2197 3635 2257 3686 of
2273 3649 2424 3687 cum.
2478 3689 2490 3702 ‚

1520 3700 1600 3750 ita
1632 3701 1888 3758 breviter,
1922 3715 1973 3748 so
2016 3700 2193 3765 briefly
2233 3702 2316 3764 (as
2359 3716 2461 3763 you

1458 3765 1667 3827 know);
1708 3764 1774 3814 cf.
1799 3765 1883 3813 the
1907 3764 2157 3826 negative,
2184 3776 2263 3827 41.
2290 3779 2342 3814 n.

1523 3845 1723 3897 presse
1738 3848 1751 3879 z
1787 3836 1876 3879 not
1894 3829 2162 3894 excluding
2179 3835 2458 3889 ornament,

1459 3897 1592 3948 asin
1616 3908 1737 3956 2013
1780 3895 1843 3945 cf.
1869 3907 1984 3945 202.-
