2767 4334
1305 332 1595 416 saurus.
2492 334 2557 391 43

350 500 622 587 reliquis
654 503 853 567 rebus
886 491 1133 580 melior,
1171 500 1269 567 sic
1301 502 1370 566 in
1402 503 1529 567 hoc
1561 503 1706 586 ipso
1737 502 2104 580 humanior,
2134 513 2206 567 ut
2238 503 2467 569 faciles

350 617 577 672 essent
611 607 679 671 in
713 628 906 681 suum
940 607 1177 691 cuique
1209 587 1978 685 tribuendofflvlemoria
2007 617 2206 673 teneo
2243 609 2554 694 Smyr-22

349 732 499 776 nae⁴
528 732 636 776 me
687 732 769 775 ex
819 712 886 775 P.
943 711 1196 775 Rutilio
1253 710 1436 775 Rufo
1485 711 1768 788 audisse,
1819 732 1970 776 cum
2016 712 2265 778 diceret
2315 714 2467 776 adu-

287 812 290 816 ’
348 815 718 880 lescentulo
751 806 824 880 se
854 810 1193 892 accidisse,
1230 824 1303 879 ut
1342 835 1426 879 ex
1458 826 1731 880 senatus
1779 816 2085 880 consulto
2134 817 2198 880 P.
2240 816 2464 900 Scipio

348 929 415 984 et
449 921 532 984 D.
572 921 838 998 BrutuS,
874 928 945 984 ut
979 920 1230 1001 opinor,
1266 916 1577 984 consules
1610 921 1694 984 de
1727 939 1797 984 re
1836 920 2043 984 atroci
2090 940 2464 1004 magnaque

347 1034 759 1107 quaererent.
883 1025 1055 1088 Nam
1090 1045 1239 1088 cum
1274 1024 1343 1087 in
1377 1024 1542 1088 silva
1590 1024 1730 1089 Sila
1774 1024 1953 1090 facta
1998 1027 2236 1089 caedes
2283 1035 2461 1089 esset

347 1128 621 1213 notique
695 1128 1000 1193 homines
1075 1127 1431 1206 interfecti,
1490 1129 2116 1212 insimulareturque
2191 1129 2459 1205 familia,

346 1233 586 1316 partim
647 1233 849 1297 etiam
912 1233 1123 1309 liberi,
1180 1233 1521 1297 societatis
1582 1233 1745 1309 eius,
1810 1253 1979 1316 quae
2039 1233 2319 1315 picarias
2378 1235 2462 1297 de

350 1338 414 1402 P.
470 1337 783 1402 Cornelio
834 1338 910 1401 L.
965 1337 1291 1401 Mummio
1342 1337 1732 1402 censoribus
1783 1338 2192 1413 redemisset,
2244 1338 2463 1403 decre-

343 1442 524 1506 visse
573 1451 899 1518 senatum,
933 1451 1006 1505 ut
1055 1442 1139 1506 de
1188 1462 1268 1506 ea
1318 1462 1391 1506 re
1440 1451 1921 1524 cognoscerent
1971 1451 2039 1505 et
2086 1450 2460 1523 statuerent

346 1546 672 1610 consules
766 1546 1052 1610 Causam
1108 1566 1226 1629 pro
1275 1546 1647 1629 publicanis
1701 1547 2033 1622 adcurate,
2078 1555 2151 1609 ut
2200 1566 2463 1629 semper
2492 1564 2549 1608 86

346 1650 583 1715 solitus
615 1659 816 1727 esset,
851 1651 1327 1734 eleganterque
1359 1649 1605 1714 dixisse
1642 1649 1984 1727 Laelium,
2031 1670 2181 1714 cum
2230 1671 2462 1714 consu·

280 1756 289 1762 ’
343 1754 442 1818 les
476 1775 546 1819 re
577 1755 802 1818 audita
833 1773 1145 1818 AMPLIUS
1177 1755 1261 1819 de
1293 1753 1556 1819 consilii
1588 1754 1936 1818 sententia
1980 1755 2462 1836 pronuntiavis-

346 1867 517 1936 sent,
573 1858 802 1941 paucis
853 1844 1273 1940 interpositis
1314 1859 1551 1923 diebus
1604 1858 1844 1922 iterum
1899 1858 2200 1921 Laelium
2251 1859 2458 1923 multo

343 1962 731 2047 diligentius
770 1962 1136 2046 meliusque
1181 1962 1445 2039 dixisse,
1481 1962 1853 2046 iterumque
1899 1964 2132 2026 eodem
2180 1964 2374 2028 modo
2421 1985 2459 2027 a

344 2067 730 2132 consulibus
763 2086 902 2131 rem
935 2087 1083 2130 esse
1130 2066 1470 2149 prolatam.
1538 2067 1713 2130 Tum
1765 2066 2087 2143 Laelium,
2122 2087 2273 2130 cum
2306 2088 2457 2131 eum

344 2171 505 2235 socii
530 2171 796 2235 domum
824 2170 1242 2235 reduxissent
1267 2170 1701 2255 egissentque
1731 2171 1980 2254 gratias
2013 2180 2079 2234 et
2115 2191 2199 2235 ne
2231 2169 2461 2235 defati-

343 2285 614 2359 garetur
657 2273 1046 2351 oravissent,
1082 2274 1378 2339 locutum
1428 2295 1578 2339 esse
1628 2275 1761 2339 ita:
1808 2294 1899 2351 se,
1948 2295 2118 2358 quae
2161 2274 2454 2352 fecisset,

342 2379 613 2443 honoris
646 2399 874 2444 eorum
907 2399 1108 2443 causa
1141 2380 1441 2443 studiose
1471 2381 1916 2462 adcurateque
1947 2377 2206 2455 fecisse,
2235 2380 2351 2443 sed
2385 2400 2457 2444 se

409 2531 508 2587 22.
559 2533 636 2599 85.
673 2534 853 2583 Rufo:
897 2546 915 2581 1
930 2546 990 2581 10
1012 2550 1085 2598 sq.
1141 2534 1224 2582 He
1243 2550 1345 2582 was
1454 2549 1604 2583 nues:
1641 2534 1716 2582 ad
1731 2534 1875 2583 Fam.
1894 2533 2046 2583 XIII.
2066 2546 2112 2595 9.
2133 2547 2186 2593 2;
2218 2542 2319 2599 pro
2338 2535 2455 2585 Sest.

341 2602 395 2649 in
416 2601 545 2649 exile
570 2609 620 2649 at
644 2600 868 2663 Smyrna.
1460 2612 1534 2661 14.
1561 2612 1647 2662 323
1694 2608 1794 2663 pro
1815 2602 1967 2650 Mur.
1996 2612 2073 2662 33.
2100 2599 2177 2660 69.

409 2667 670 2716 audisse:
708 2677 804 2714 B.c.
833 2664 910 2730 78.
1519 2666 1790 2730 picarias:
1858 2666 1993 2729 pitch
2050 2681 2152 2714 was
2207 2668 2455 2730 procured

408 2732 712 2782 accidisse:
752 2741 847 2780 B.C.
879 2745 898 2780 ι
908 2730 986 2794 38.
1454 2731 1594 2780 there
1618 2733 1671 2780 in
1692 2732 1830 2794 large
1854 2731 2135 2796 quantitieS.

408 2806 767 2861 quaererent:
831 2797 1036 2861 judicial
1068 2796 1345 2857 ⁴functions
1518 2797 1879 2847 censoribus:
1921 2809 2018 2846 ΒΕ.
2048 2810 2154 2858 ¹42·

341 2865 601 2929 pertained
641 2871 693 2912 to
729 2864 814 2911 the
847 2871 1051 2928 praetors
1073 2882 1087 2922 ;
1137 2864 1255 2912 ‘but
1290 2864 1344 2911 in
1518 2863 1868 2922 redemisset,
1926 2863 2036 2911 had
2070 2862 2319 2930 fizrmed:
2388 2864 2451 2913 cf.

341 2930 527 2994 special
550 2945 691 2978 cases
722 2930 809 2978 the
843 2936 1014 2978 senate
1048 2929 1148 2977 still
1183 2945 1342 2977 some·
1451 2929 1573 2978 Caes.
1598 2930 1662 2978 B.
1696 2931 1753 2978 G.
1781 2930 1822 2977 Ι.
1855 2928 1926 2977 18.

341 2997 501 3055 times,
527 2998 589 3059 by
613 3012 644 3044 a
667 2997 937 3055 decretum,
960 2995 1235 3060 appointed
1258 2995 1344 3043 the
1519 2995 1867 3044 decrevisse:
1940 3002 2153 3044 connect
2204 2995 2302 3044 this
2353 2997 2452 3045 and

341 3063 540 3110 consuls
563 3077 618 3110 as
641 3063 975 3126 quaesitores!
1451 3060 1709 3124 following
1732 3061 2001 3109 infinitives
2024 3060 2144 3108 with
2169 3061 2391 3110 diceret.

409 3129 551 3177 Sila:
590 3128 742 3191 Verg.
772 3133 900 3179 Aen.
925 3128 1047 3176 XII.
1074 3138 1184 3193 715.
1243 3127 1343 3176 For
1517 3125 1597 3175 86.
1631 3135 1814 3176 esset:
1867 3127 2091 3190 subjunc.
2130 3142 2185 3175 as
2224 3128 2454 3190 showing

341 3194 426 3241 the
450 3194 553 3243 Sila
570 3194 629 3242 of
644 3194 855 3242 modern
878 3194 1037 3252 times,
1056 3193 1118 3241 cf.
1143 3208 1209 3240 an
1227 3194 1340 3241 arti·
1449 3192 1536 3241 the
1559 3194 1824 3241 narrator’s
1849 3193 1990 3241 view.

341 3259 416 3307 cle
440 3260 505 3322 by
523 3259 656 3308 Prof.
678 3259 916 3320 Mahnffy,
944 3261 1192 3322 Contemp.
1217 3261 1339 3307 Rev.
1517 3258 1791 3322 amplius:
1830 3274 1861 3307 a
1892 3258 2097 3322 judicial
2122 3265 2247 3307 term
2270 3259 2454 3322 calling

345 3324 484 3386 1884.
589 3329 595 3336 '
1450 3323 1527 3372 for
1550 3341 1578 3372 a
1607 3324 1796 3373 further
1820 3325 2042 3387 hearing.
2114 3325 2212 3373 For
2234 3325 2453 3374 consilii

407 3391 841 3450 insimularetur,
886 3390 1122 3447 accused,·
1184 3389 1341 3454 (from
1454 3389 1529 3453 (=
1547 3390 1737 3438 iudices
1752 3390 2134 3454 deliberating),
2149 3391 2209 3440 cf.
2220 3399 2322 3456 pro
2342 3393 2451 3440 Clu.

338 3455 553 3522 similis)
596 3458 745 3506 made
787 3463 839 3505 to
878 3457 998 3505 look
1039 3456 1141 3504 like
1181 3456 1340 3518 guilty
1450 3468 1528 3519 27,
1553 3463 1601 3503 et
1617 3463 1769 3519 saepe.
1840 3457 2123 3506 sententia
2145 3458 2263 3506 here
2299 3458 2342 3506 is
2365 3466 2454 3505 not

339 3538 480 3571 oneS.
1450 3522 1534 3570 the
1568 3521 1746 3570 formal
1776 3529 1920 3571 vote:
1971 3522 2035 3573 ef.
2074 3522 2189 3582 188;
2243 3540 2308 3591 eye
2342 3540 2451 3570 mea
2539 3537 2546 3543 ·

403 3588 632 3648 familia,
650 3590 809 3638 slaves
821 3606 845 3645 ,·
879 3589 999 3637 here
1022 3587 1223 3652 sharply
1241 3588 1339 3637 dis·
1448 3589 1716 3647 sententia,
1758 3588 2031 3651 according
2074 3594 2127 3638 to
2172 3603 2255 3652 my
2294 3589 2443 3648 wish3

338 3654 626 3717 tinguished
649 3654 778 3703 from
799 3654 972 3713 liberi,
991 3654 1076 3702 the
1100 3655 1200 3703 free
1224 3669 1341 3702 men
1450 3652 1561 3701 281.
1588 3669 1635 3701 n.

337 3721 574 3770 attached
596 3727 650 3770 to
673 3721 760 3770 the
783 3736 1044 3784 company.
1515 3720 1688 3768 socii:
1754 3719 1816 3768 cf.
1874 3722 2076 3770 societas
2132 3722 2317 3780 above3
2386 3720 2462 3768 ad

405 3787 694 3838 societatis
720 3802 734 3837 ε
800 3788 922 3836 used
973 3786 1239 3850 especially
1288 3785 1348 3833 of
1451 3785 1597 3835 Fam.
1621 3786 1770 3835 XIII.
1796 3798 1842 3847 9.
1870 3799 1913 3848 3.

336 3853 630 3917 companics
662 3852 879 3917 farming
900 3853 985 3902 the
1008 3851 1176 3917 public
1205 3867 1339 3899 reve-
1517 3851 1904 3902 reduxissent:
1932 3852 2017 3900 the
2036 3852 2227 3901 client’s
2246 3860 2451 3900 custom.
