2767 4334
5 3765 37 3972 Γήψμ

266 391 361 444 154
1231 389 1507 443 CICERO.

262 678 351 738 316
367 672 490 739 est,
527 661 635 727 hic
666 672 890 727 orator
917 661 986 725 in
1018 660 1148 726 illis
1181 659 1514 726 numerari
1560 671 1742 726 recte
1786 671 2028 744 potest.

254 2309 332 2365 92

254 2390 340 2437 317

364 556 422 621 si
468 556 635 622 nihil
679 557 928 623 habere
973 543 1448 622 molestiarum‘
1476 576 1601 621 nec
1648 555 2050 640 ineptiarum
2081 557 2470 623 Atticorum

2122 662 2472 727 Adsiduis-

364 767 531 832 sime
560 776 785 831 autem
831 786 1093 831 mecum
1123 763 1251 831 fuit
1300 764 1667 852 Dionysius
1717 766 2045 850 Magnes3
2090 776 2232 831 erat
2263 767 2469 832 etiam

362 869 746 958 Aeschylus
780 870 1080 946 Cnidius,
1115 869 1652 956 Adramyttenus
1693 870 2074 951 Xenocles;
2120 872 2189 935 hi
2219 882 2366 937 tum
2396 872 2470 938 in

363 974 534 1040 Asia
585 975 925 1040 rhetorum
978 973 1315 1059 principes
1369 975 1909 1041 numerabantur.
2016 975 2278 1060 Quibus
2328 999 2468 1042 non

361 1088 721 1145 contentus
765 1079 1078 1144 Rhodum
1123 1078 1280 1144 veni
1327 1099 1567 1163 meque
1615 1080 1700 1144 ad
1748 1080 2055 1157 eundem,
2089 1101 2287 1164 quem
2337 1083 2471 1146 Ro—

361 1204 509 1249 mae
531 1184 930 1260 audiveram,
959 1182 1300 1248 Molonem
1323 1183 1670 1266 applicavi,
1698 1206 1850 1250 cum
1877 1193 2171 1250 actorem
2196 1185 2266 1250 in
2289 1188 2468 1279 yeris
2507 1266 2516 1280 .

361 1288 578 1353 causis
624 1288 1151 1371 scriptoremque
1196 1297 1653 1371 praestantem
1699 1297 1845 1353 tum
1882 1288 1952 1352 in
1990 1290 2302 1354 notandis
2321 1279 2494 1354 'ani-¹

361 1391 986 1477 madvertendisque
1029 1392 1210 1457 vitiis
1256 1402 1324 1457 et
1370 1392 1786 1458 instituendo
1837 1394 2269 1478 docendoque
2318 1417 2469 1477 pru-

359 1496 844 1562 dentissimum.
958 1498 1027 1561 Is
1079 1496 1264 1562 dedit
1318 1516 1606 1580 operam,
1664 1496 1721 1562 si
1773 1499 1971 1562 modo
2026 1498 2091 1561 id
2145 1501 2465 1583 consequi

360 1601 598 1685 potuit,
625 1611 701 1667 ut
730 1600 929 1666 nimis
961 1601 1399 1666 redundantis
1430 1622 1553 1666 nos
1585 1612 1654 1667 et
1686 1602 2157 1685 superfluentis
2189 1603 2465 1668 iuvenili

360 1707 643 1789 quadam
704 1704 971 1770 dicendi
1030 1705 1432 1788 impunitate
1488 1715 1556 1770 et
1612 1706 1888 1787 ‚licentia
1947 1708 2338 1790 reprimeret
2394 1719 2463 1773 et

360 1809 548 1893 quasi
594 1818 782 1874 extra
825 1808 1002 1893 ripas
1056 1809 1421 1875 diffluentis
1470 1820 1822 1875 coerceret.
1920 1812 2027 1875 Ita
2078 1811 2302 1895 recepi
2355 1834 2467 1877 me

360 1913 628 1979 biennio
659 1924 813 1998 post
844 1934 977 1979 non
1011 1915 1208 1979 modo
1238 1914 1676 1991 exercitatior,
1714 1916 1844 1979 sed*
1877 1935 2083 1997 prope
2124 1926 2465 1995 mutatus;

360 2037 515 2082 nam
550 2027 621 2082 et
652 2019 996 2084 contentio
1028 2018 1233 2083 nimia
1261 2018 1447 2084 vocis
1479 2020 1817 2084 resederat
1850 2027 1918 2082 et
1949 2020 2137 2103 quasi
2167 2013 2467 2085 defervess

357 2131 462 2186 rat
494 2121 706 2187 oratio
735 2121 1189 2206 lateribusque
1213 2122 1387 2187 vires
1420 2131 1488 2187 et
1520 2123 1777 2206 corpori
1810 2122 2160 2188 mediocris
2192 2125 2464 2190 habitus

358 2235 751 2292 accesserat.

443 2332 598 2395 Duo
643 2340 787 2395 tum
835 2329 1247 2396 excellebant
1294 2340 1608 2408 oratores,
1643 2330 1755 2415 qui
1801 2352 1909 2396 me
1946 2330 2250 2396 imitandi
2282 2334 2465 2417 cupi-

356 2435 566 2499 ditate
599 2422 973 2511 incitarent,
1010 2435 1214 2500 Cotta
1245 2445 1313 2500 et
1359 2435 1807 2514 Hortensius;
1853 2457 2131 2519 quorum
2164 2419 2336 2502 alter
2365 2460 2466 2503 re-

357 2540 600 2605 missus
633 2548 700 2603 et
731 2538 903 2603 lenis
934 2548 1003 2603 et
1034 2539 1315 2622 propriis
1347 2538 1569 2604 verbis
1616 2541 2192 2623 comprehendens
2241 2542 2462 2607 solute

356 2718 453 2768 this
488 2718 654 2767 clause
687 2732 772 2767 are
806 2718 948 2767 three
987 2716 1217 2768 different
1255 2718 1354 2767 abl.

355 2783 732 2834 constr-actions.

421 2849 841 2900 molestiarum:
885 2848 995 2899 116.

420 2916 531 2980 316.
569 2916 816 2965 Romae:
853 2914 919 2966 cf.
946 2927 1059 2979 312.

420 2985 493 3033 ad
518 3020 530 3032 .
556 3019 568 3031 .
595 3018 606 3031 .
631 2981 937 3046 applicavi:
972 2981 1032 3031 of
1049 2982 1238 3032 studies
1254 2982 1357 3032 and

353 3049 586 3115 pursuits,
610 3063 665 3096 as
687 3047 800 3096 well
823 3063 878 3097 as
909 3048 969 3098 of
995 3064 1226 3112 persons:
1269 3065 1354 3113 eg.

354 3118 415 3165 de
451 3116 543 3181 Off.
579 3114 622 3163 I.
659 3126 738 3176 32.
779 3125 894 3179 1153
948 3114 1008 3162 de
1045 3115 1133 3165 Or.
1168 3115 1238 3163 ΙΙ.
1281 3127 1354 3178 13.

355 3194 818 3297 ⁵⁵redundantis:
869 3247 948 3296 τῖε.
981 3246 1198 3312 pouring
1236 3262 1356 3295 over

354 3314 407 3363 in
430 3327 616 3373 waves3
662 3321 740 3377 51.
811 3312 859 3360 It
891 3312 936 3362 is
969 3319 1198 3376 stronger
1231 3312 1354 3361 than

353 3379 620 3428 abundare
632 3394 656 3434 ,⁰
691 3376 756 3426 cf.
781 3378 868 3427 the
898 3379 1129 3428 annexed
1162 3392 1353 3442 super-

354 3444 603 3495 fluentis.
671 3442 978 3494 diffluentis
1011 3451 1237 3509 presents
1266 3444 1353 3493 the

352 3511 545 3576 picture
562 3510 622 3559 os
639 3526 670 3560 a
691 3513 874 3559 stream
892 3509 1212 3572 overflowing
1228 3509 1354 3558 both

352 3577 531 3636 banks,
578 3577 681 3625 and
738 3576 959 3639 running
1013 3575 1067 3624 in
1124 3575 1354 3624 different

353 3643 648 3702 directions3
703 3643 768 3692 cf.
803 3644 862 3691 de
894 3645 1011 3691 Am.
1053 3652 1127 3706 15.
1164 3653 1251 3706 523
1294 3642 1353 3689 de

361 3708 455 3771 Off.
475 3708 517 3756 Ι.
542 3719 621 3769 30.
651 3708 767 3767 106;
810 3708 869 3755 de
899 3708 985 3756 Or.
1009 3708 1107 3756 111.
1133 3719 1213 3769 32.
1243 3718 1351 3769 131.

419 3771 679 3820 iuvenili:
719 3772 806 3821 the
837 3772 1019 3835 charge
1055 3772 1114 3821 os
1143 3777 1157 3799 ⁴
1172 3771 1352 3821 redun-

353 3836 515 3883 dance
529 3837 542 3860 '
577 3837 810 3885 attached
851 3844 902 3885 to
937 3838 1156 3886 Cicero's
1194 3845 1353 3886 matu·

353 3899 463 3959 rity,
486 3899 616 3957 also:
657 3915 742 3949 see
765 3902 957 3950 Introd.
982 3902 1101 3951 VII.
1129 3914 1173 3964 3.

1524 2719 1889 2796 impunitate:
1931 2719 1993 2768 cs.
2017 2720 2137 2770 Tac.
2173 2723 2317 2769 Ann.
2358 2722 2463 2772 111.

1457 2784 1576 2915 ffiiy
1598 2784 1880 2914 tgng'gffity
1924 2785 2094 2839 would
2137 2786 2201 2835 be
2244 2790 2463 2849 granted

1521 2917 1754 2967 biennio
1776 2925 1934 2981 post:
1973 2929 2070 2967 ae.
2098 2929 2175 2983 77.

1522 2983 1900 3032 exercitatior:
1939 2983 1998 3033 de
2026 2984 2121 3051 Off.
2156 2985 2226 3034 II.
2266 2996 2341 3050 15.
2379 2997 2461 3052 53,

1446 3050 1745 3113 paratiores
1765 3056 1925 3098 erunt
1954 3057 2002 3099 et
2031 3057 2292 3115 tamquam
2317 3068 2462 3100 exer·

1458 3114 1714 3163 citatiores
1735 3115 1812 3163 ad
1836 3116 1956 3164 bene
1976 3116 2037 3164 de
2059 3118 2233 3165 multis
2255 3125 2459 3181 prome·

1459 3180 1680 3229 rendum
1694 3198 1718 3238 ‚·
1755 3182 1819 3231 cs.
1849 3194 1923 3243 14.
1947 3198 1997 3232 n.

1526 3247 1866 3297 deferverat:
1925 3248 2004 3297 sor
2036 3248 2097 3297 de
2128 3264 2162 3297 n
2229 3286 2241 3298 .
2278 3248 2342 3297 cf.
2379 3250 2461 3298 de-

1456 3312 1644 3361 discere
1672 3312 1728 3378 (5
1738 3313 1812 3376 1),
1836 3314 2167 3378 deflorescere
2221 3327 2278 3377 31
2288 3314 2365 3379 7),
2383 3316 2473 3364 de·,

1453 3385 1674 3441 sperare,
1710 3380 1983 3439 de-tonare,
2018 3387 2114 3429 etc.
2189 3380 2315 3430 This
2347 3381 2393 3430 is
2430 3398 2462 3430 a

1454 3444 1667 3493 favorite
1689 3444 1827 3494 word
1849 3444 1968 3493 with
2002 3445 2177 3495 Cicero
2184 3463 2200 3506 3
2244 3463 2330 3511 eg.
2355 3455 2463 3511 pro

1463 3510 1573 3559 Clu.
1617 3523 1696 3573 39.
1744 3509 1857 3571 108;
1925 3511 2014 3560 Or.
2060 3524 2136 3574 30.
2183 3524 2300 3577 ro7;
2355 3521 2464 3577 pro

1464 3576 1597 3626 Cael.
1629 3575 1703 3626 18.
1728 3590 1817 3640 433
1872 3578 1922 3626 T
1918 3593 2018 3626 usc.
2042 3578 2131 3627 IV.
2157 3578 2235 3640 36.
2262 3577 2341 3642 78.

1523 3642 1826 3692 mediocris
1851 3643 2110 3693 habitus:
2150 3644 2236 3692 the
2258 3644 2461 3695 French

1455 3707 1726 3771 rendering
1747 3708 1790 3756 is
1813 3724 1887 3756 un
1909 3708 2227 3773 embonpoint
2257 3711 2460 3759 raison·

1457 3773 1639 3830 nable,·
1688 3773 1751 3822 cs.
1787 3772 1871 3822 the
1912 3773 2040 3838 Eng.
2083 3776 2387 3840 expression,
2430 3792 2462 3826 a

1455 3855 1574 3887 man
1603 3839 1662 3888 os
1690 3839 1779 3888 full
1812 3839 2009 3889 ‘habite

1521 3901 1624 3957 92.
1672 3917 1783 3969 317.
1819 3907 2345 3970 comprehendens:
2378 3921 2461 3972 34.
