2767 4334
1287 363 1578 416 BRUTUS.
2337 382 2356 394 ‘
2468 361 2532 416 75

333 539 448 595 aut
493 528 904 615 agebantur.'
1001 537 1018 566 ‘
1038 529 1478 595 Dialecticam
1526 527 1689 593 mihi
1733 527 1978 594 videris
2025 527 2286 606 dicere,’
2335 528 2429 595 in·
2453 525 2532 583 42

333 635 496 718 quit.
590 642 607 671 ‘
632 633 887 712 Recte,'
937 635 1224 718 inquam,
1264 632 1680 717 ‘intellegis;
1725 633 1843 697 sed
1881 633 2179 697 adiunxit
2226 633 2429 698 etiam

333 747 401 803 et
434 738 804 804 litterarum
843 738 1192 803 scientiam
1224 746 1290 802 et
1322 736 1637 820 loquendi
1682 736 2100 820 elegantiam,
2136 757 2305 821 quae
2350 758 2432 803 ex

334 842 598 960 scriptis
644 843 808 919 eius,
842 863 1122 926 quorum
1170 840 1412 906 similia
1464 840 1646 905 nulla
1699 850 1875 918 sunt,
1924 826 2240 907 facillime
2291 862 2434 925 per·

334 946 500 1029 spici
530 932 829 1029 potesta&
871 946 1176 1030 Cumque
1221 946 1524 1010 discendi
1570 965 1770 1010 causa
1813 946 2073 1011 duobus
2118 945 2533 1030 peritissi-154

331 1051 458 1114 mis
513 1071 778 1134 operam
833 1049 1146 1126 dedisset,
1205 1049 1281 1115 L.
1336 1049 1596 1114 Lucilio
1652 1049 1857 1114 Balbo
1912 1059 1980 1115 et
2029 1050 2104 1116 C.
2153 1049 2431 1136 Aquilio

334 1154 544 1231 Gallo,
599 1153 775 1219 Galli
827 1153 1115 1219 hominis
1169 1153 1347 1218 acuti
1402 1162 1470 1217 et
1523 1153 1867 1218 exercitati
1926 1163 2301 1238 promptam
2362 1164 2430 1219 et

331 1268 628 1341 paratam
661 1258 729 1322 in
761 1259 1021 1341 agendo
1053 1267 1121 1323 et
1155 1258 1221 1321 in
1255 1258 1722 1340 respondendo
1769 1257 2178 1324 celeritatem
2226 1258 2433 1323 subti-

331 1362 521 1427 litate
579 1361 1059 1446 diligentiaque
1120 1362 1498 1445 superavit3
1575 1361 1766 1426 Balbi
1826 1362 2006 1427 docti
2060 1372 2129 1427 et
2190 1363 2430 1427 eruditi

330 1466 621 1530 hominis
695 1467 765 1529 in
834 1476 1114 1550 utraque
1167 1487 1239 1531 re
1293 1466 1780 1531 consideratam
1832 1467 2218 1532 tarditatem
2270 1467 2429 1531 vicit

331 1571 760 1654 expediendis
806 1570 1370 1654 conficiendisque
1422 1570 1636 1635 rebus,
1731 1570 1844 1635 Sic
1893 1580 1960 1635 et
2005 1572 2207 1636 habet
2256 1574 2439 1660 quod⁴

331 1685 611 1758 uterque
653 1695 881 1740 eorum
928 1675 1180 1751 habuit,
1214 1683 1282 1739 et
1329 1674 1619 1757 explevit
1666 1675 1841 1758 quod
1887 1674 2152 1758 utrique
2196 1674 2426 1740 defuit.

334 1780 587 1863 Itaque,
623 1788 695 1842 ut
732 1779 1016 1844 Crassus
1049 1778 1212 1842 mihi
1242 1778 1510 1844 videtur
1541 1779 1906 1862 sapientius
1943 1776 2191 1844 fecisse
2234 1799 2431 1863 quam
2452 1806 2534 1853 155

335 1882 752 1947 Scaevola—
776 1883 885 1948 hic
931 1882 1109 1948 enim
1152 1903 1388 1948 causas
1431 1883 1728 1948 studiose
1770 1883 2148 1966 recipiebat,
2183 1883 2255 1947 in
2296 1883 2434 1968 qui-

331 1987 457 2051 bus
487 2007 527 2050 a
559 1987 804 2052 Crasso
837 1988 1290 2070 superabatur,
1325 1987 1436 2051 ille
1469 2008 1541 2052 se
1573 1987 1830 2052 consuli
1862 1987 2150 2064 nolebat,
2185 2007 2271 2052 ne
2304 2008 2433 2071 qua

333 2090 402 2155 in
433 2111 505 2156 re
536 2088 814 2156 inferior
843 2101 1023 2155 esset
1054 2111 1252 2175 quam
1289 2091 1716 2156 Scaevola—
1736 2091 1830 2156 sic
1867 2091 2139 2157 Servius
2179 2091 2433 2175 sapien-

330 2195 610 2273 tissime,
644 2216 797 2260 cum
829 2196 1002 2260 duae
1032 2194 1261 2260 civiles
1293 2205 1472 2260 artes
1504 2217 1580 2261 ac
1610 2196 1913 2260 forenses
1958 2195 2316 2278 plurimum
2362 2206 2430 2260 et

330 2299 545 2364 laudis
576 2299 900 2364 haberent
932 2309 1000 2364 et
1032 2300 1304 2383 gratiae,
1339 2300 1640 2384 perfecit,
1691 2309 1764 2363 ut
1811 2299 2019 2364 altera
2062 2309 2430 2383 praestaret

331 2403 658 2480 omnibus,
693 2424 774 2467 ex
805 2403 1012 2468 altera
1051 2412 1316 2468 tantum
1353 2405 1733 2469 adsumeret
1767 2413 2088 2487 quantum
2135 2414 2315 2469 esset
2363 2415 2429 2469 et

330 2509 414 2572 ad
444 2509 769 2571 tuendum
802 2507 904 2572 ius
937 2508 1128 2572 civile
1161 2517 1227 2572 et
1260 2509 1343 2572 ad
1375 2508 1809 2573 obtinendam
1843 2508 2258 2573 consularem
2295 2510 2435 2592 dig-

332 2613 613 2677 nitatem
662 2611 866 2676 satis.'
958 2613 1134 2676 Tum
1183 2613 1451 2689 BrutuS,
1504 2613 1648 2676 ‘Ita
1693 2611 2003 2695 prorsuS,'
2053 2612 2288 2697 inquit,
2329 2621 2430 2677 ‘et
2451 2629 2559 2687 156·

331 2724 530 2780 antea
557 2716 892 2799 putabam,
908 2715 1231 2781 —audivi
1262 2715 1441 2780 enim
1465 2736 1679 2800 nuper
1702 2736 1854 2780 eum
1879 2716 2180 2781 studiose
2210 2726 2277 2781 et
2309 2717 2434 2781 fre-

395 2943 498 3000 42.
546 2945 924 2996 dialecticam·
969 2957 990 2994 ι
1003 2957 1086 3008 19,
1131 2956 1243 3010 309.
1434 2945 1613 3006 above,
1636 2945 1739 2996 and
1760 2945 1800 2995 it
1821 2945 1865 2995 is
1891 2945 2072 3010 placed
2104 2946 2242 3013 aster
2262 2960 2431 3010 agen-

395 3012 736 3062 litterarum:
776 3011 842 3061 cf.
866 3011 925 3060 de
945 3012 1036 3062 Or.
1055 3011 1097 3061 1.
1117 3024 1197 3075 34.
1224 3011 1331 3077 158
1435 3012 1533 3072 :103
1586 3011 1673 3060 the
1708 3017 1806 3060 two
1833 3012 2064 3061 words-
2021 3033 2071 3042 -
2098 3013 2297 3061 ‘attack
2331 3015 2433 3062 and

330 3078 522 3142 legendi
561 3080 715 3126 etiam
738 3084 938 3155 poetae,
980 3079 1333 3142 cognoscendae
1434 3078 1630 3142 reply’,
1625 3093 1639 3107 ·
1685 3077 1788 3127 and
1822 3077 1881 3127 in
1915 3086 2153 3142 utraque
2187 3094 2246 3130 re
2280 3080 2433 3129 refers

329 3145 587 3203 historiae,
602 3145 836 3192 omnium
858 3144 1109 3192 bonarum
1130 3147 1331 3194 artium
1433 3150 1486 3192 to
1509 3144 1650 3193 these
1674 3150 1773 3194 two
1800 3144 1980 3207 things.

330 3211 542 3259 doctores
578 3218 728 3276 atque
760 3212 1027 3274 scriptores
1061 3211 1256 3276 legendi
1287 3218 1336 3260 et
1498 3210 1932 3271 consideratam,
1959 3213 2299 3277 circumspect,
2317 3228 2433 3262 cau-

319 3277 728 3341 pervolutandi:
764 3278 863 3327 111.
894 3293 971 3342 32.
1003 3291 1111 3344 127.
1431 3276 1576 3326 ἥσω.

396 3345 652 3409 scriptis:
691 3359 777 3394 see
801 3345 880 3394 ad
892 3346 1040 3396 Fam.
1066 3344 1155 3394 IV.
1176 3356 1203 3410 5
1227 3343 1331 3394 and
1502 3355 1523 3392 ι
1532 3355 1610 3409 55
1649 3344 1980 3409 recipiebat.
2020 3344 2100 3409 87.
2128 3361 2179 3396 n.

331 3409 420 3459 IV.
451 3423 533 3470 123
578 3412 664 3460 the
689 3411 874 3461 former
896 3428 927 3462 a
954 3413 1098 3462 letter
1121 3411 1179 3461 of
1209 3426 1329 3460 con·
1497 3411 1924 3475 sapientissime
1951 3429 1963 3460 ε
2021 3411 2321 3461 substituted
2354 3410 2431 3459 for

330 3476 546 3526 solation
569 3484 622 3526 to
646 3477 820 3527 Cicero
844 3477 970 3527 after
994 3478 1079 3528 the
1101 3478 1252 3527 death
1277 3476 1337 3526 of
1432 3478 1751 3541 sapientius
1812 3479 1912 3556 just
1972 3479 2146 3527 above.
2254 3477 2431 3526 Cicero

329 3541 508 3592 Tullia.
1429 3545 1676 3607 modestly
1715 3546 1936 3594 declines
1970 3551 2023 3593 to
2057 3544 2307 3610 complete
2345 3544 2430 3593 the

328 3673 384 3721 th
401 3619 538 3723 13³4.t
545 3623 808 3723 operam.
836 3609 964 3658 aster
979 3609 1110 3659 dare
1125 3617 1328 3674 operam
1431 3611 1751 3675 comparison
1800 3610 1963 3660 called
2007 3610 2084 3660 for
2125 3612 2190 3675 by
2230 3611 2430 3668 Brutus»,

386 3689 414 3722 e
473 3689 504 3723 s
565 3691 596 3723 0
642 3691 826 3740 person
848 3675 891 3724 is
914 3691 1039 3725 rare.
1436 3687 1456 3724 1
1495 3689 1545 3726 0.

393 3753 486 3790 res
528 3742 827 3791 ondendo.
872 3741 935 3790 cf.
981 3742 1096 3804 169,
1140 3742 1328 3791 celeri·
1496 3743 1570 3792 sd
1596 3780 1608 3792 .
1634 3777 1646 3790 .
1673 3780 1685 3794 .
1711 3743 1768 3793 di
1852 3742 2077 3793 itatem:
2104 3758 2170 3792 an
2203 3743 2430 3792 addition

488 3754 525 3805 P
1465 3687 1493 3741 5
1771 3757 1847 3807 ΕΠ

327 3813 505 3857 tatem
544 3806 711 3859 shows
751 3807 860 3857 that
905 3808 990 3858 the
1031 3809 1169 3857 word
1208 3808 1329 3856 here
1431 3814 1485 3857 to
1503 3808 1590 3858 the
1616 3809 1701 3857 ius
1722 3809 1876 3858 civile
1898 3809 2064 3858 clause
2087 3808 2146 3857 of
2168 3821 2274 3873 150.

327 3871 420 3921 hss
453 3878 545 3923 not
576 3873 665 3925 the
698 3888 836 3925 same
870 3874 1111 3937 meaning
1144 3889 1197 3923 as
1226 3873 1330 3938 just
1502 3886 1523 3923 ι
1531 3873 1611 3940 56.
1645 3888 1857 3939 nuper:
1896 3885 1995 3924 ΒΩ.
2016 3886 2101 3938 47.
