2767 4334
45 632 111 695 fecta

45 737 109 800 title

45 944 107 1031 piet*

45 1055 103 1115 'una

1220 379 1512 430 BRUTUS.
1663 372 1666 377 ⁵
2435 381 2467 433 3

228 544 581 609 ·leviorum
628 545 867 608 artium
930 543 1153 608 studio
1199 543 1556 607 memoriae
1608 545 1942 627 proditum
1990 555 2095 611 est
2143 556 2377 629 poetas

265 647 502 712 nobilis
547 658 891 732 poetarum
939 647 1310 732 aequalium
1349 658 1565 713 morte
1596 648 1906 726 doluisse,
1941 670 2072 734 quo
2103 652 2373 715 tandem
2421 730 2422 733 Ἴ

261 755 482 817 animo
529 755 671 817 eius
718 753 1058 816 interitum
1107 751 1281 817 ferre
1327 753 1548 828 debui,
1585 751 1897 838 cum'quo
1936 764 2189 819 certare
2231 766 2373 821 erat

262 859 614 943 gloriosius
662 880 856 942 quam
905 857 1176 921 omnino
1221 858 1671 945 adversarium
1709 879 1853 941 ‚non
1887 859 2176 925 habere?
2222 882 2372 926 cum

262 964 652 1047 praesertim
677 984 813 1027 non
844 963 1042 1026 modo
1075 984 1431 1048 numquam
1468 963 1555 1028 sit
1588 974 1702 1028 aut
1734 964 1907 1028 illius
1941 986 1979 1028 a
2002 986 2110 1029 me
2141 988 2373 1031 cursus

262 1069 620 1151 impeditus
667 1078 781 1132 aut
828 1069 911 1132 ab
959 1067 1073 1131 illo
1119 1088 1326 1144 meuS,
1364 1068 1483 1132 sed
1530 1077 1763 1132 contra
1800 1089 2063 1152 semper
2093 1071 2261 1135 alter
2290 1072 2373 1136 ab

180 1197 188 1202 ·
261 1174 470 1237 altero
508 1173 773 1236 adiutus
807 1181 873 1235 et
907 1172 1459 1236 communicando
1498 1182 1565 1236 et
1600 1174 1931 1238 monendo
1968 1183 2036 1238 et
2067 1171 2368 1240 favendo.

352 1278 486 1342 Sed
548 1277 860 1360 quoniam
928 1285 1250 1358 perpetua
1311 1276 1594 1360 quadam
1658 1276 1979 1342 felicitate
2042 1299 2203 1343 usus
2266 1280 2373 1343 ille
2403 1312 2434 1355 4

264 1382 464 1446 cessit
512 1401 549 1444 e
594 1381 734 1444 vita
779 1401 900 1445 suo
949 1381 1161 1463 magis
1208 1401 1405 1465 quam
1457 1401 1725 1444 suorum
1774 1382 2016 1446 civium
2049 1392 2368 1466 tempore,

263 1496 328 1550 et
366 1497 504 1550 tum
537 1485 780 1550 occidit
813 1506 965 1549 cum
999 1485 1226 1567 lugere
1257 1484 1520 1549 facilius
1565 1506 1703 1550 rem
1746 1486 2077 1568 publicam
2121 1498 2369 1569 posset,

163 1647 172 1655 .
265 1590 318 1654 si
350 1590 620 1665 viveret,
656 1610 850 1672 quam
884 1589 1127 1665 iuvare,
1161 1589 1457 1673 vixitque
1503 1598 1639 1653 tam
1688 1590 1800 1653 diu
1831 1611 2027 1673 quam
2075 1590 2258 1655 licuit
2305 1592 2373 1654 in

263 1693 533 1759 civitate
580 1694 752 1757 bene
798 1693 1123 1777 beateque
1160 1692 1400 1769 vivere,
1437 1702 1667 1756 nostro
1714 1693 2134 1758 incommodo
2180 1697 2377 1759 detri-

263 1808 639 1882 mentoque,
675 1797 731 1862 si
763 1807 865 1861 est
900 1797 992 1861 ita
1023 1797 1714 1873 necesse,-doleamuS,
1745 1797 1919 1861 illius
1952 1820 2107 1862 vero
2141 1801 2372 1863 mortis

263 1903 830 1985 opportunitatem
884 1901 1352 1965 benevolentia
1397 1901 1619 1984 potius
1665 1922 1864 1986 quam
1926 1902 2375 1967 misericordia

262 2027 756 2090 prosequamur,
791 2016 885 2085 ut,
926 2005 1525 2089 quotienscumque
1573 2007 1656 2069 de
1703 2005 2069 2070 clarissimo
2117 2016 2183 2070 et
2231 2008 2377 2071 bea-

262 2111 523 2175 tissimo
553 2110 693 2173 viro
727 2111 1116 2193 cogitemuS,
1152 2109 1336 2173 illum
1370 2110 1593 2192 potius
1640 2131 1838 2193 quam
1884 2120 2147 2175 nosmet
2194 2112 2374 2193 ipsos

262 2215 538 2298 diligere
568 2214 926 2278 videamur.
1023 2214 1199 2278 Nam
1234 2212 1290 2278 si
1321 2213 1389 2276 id
1421 2213 1722 2278 dolemus
1754 2215 1928 2297 quod
1961 2236 2039 2278 eo
2071 2214 2198 2278 iam
2246 2213 2375 2279 frui
2406 2245 2434 2291 5

264 2320 458 2383 nobis
506 2339 641 2381 non
687 2318 863 2394 licet,
914 2327 1216 2382 nostrum
1271 2328 1372 2381 est
1432 2317 1495 2380 id
1551 2318 1839 2396 malum3
1894 2320 2068 2403 quod
2118 2320 2375 2385 modice

261 2425 574 2499 feramuS,
629 2444 714 2486 ne
770 2423 834 2485 id
887 2444 1020 2486 non
1071 2423 1154 2486 ad
1207 2422 1585 2498 amicitiam,
1645 2424 1761 2486 sed
1804 2424 1886 2486 ad
1942 2424 2374 2489 domesticam

264 2509 623 2590 utilitatem
658 2525 904 2590 referre
937 2516 1309 2603 videamur3
1357 2526 1480 2603 sin,
1515 2536 1852 2609 tamquam
1901 2526 1992 2591 illi
2040 2528 2166 2610 ipsi
2204 2549 2378 2594 acer-

250 3180 657 3244 perstrinxerat,
703 3191 814 3242 323.

330 2792 530 2849 poetas
555 2783 790 2834 nobilis:
830 2799 883 2832 as
913 2784 1189 2847 Sophocles
1213 2791 1263 2832 at

261 2851 350 2900 the
373 2851 523 2899 death
547 2850 605 2898 of
627 2849 922 2914 Euripides:
962 2850 1102 2912 Biog.
1129 2849 1261 2898 Dict.

261 2932 301 2966 s,
326 2933 374 2965 v.
398 2916 569 2979 Eurip.

329 2982 674 3044 aequalium,
698 2989 1092 3045 contemporary.

328 3061 673 3110 numquamz
735 3054 786 3095 to
831 3048 895 3096 be
940 3047 1092 3095 taken
1143 3048 1264 3096 with

261 3115 347 3163 the
395 3113 548 3176 slight
593 3113 930 3177 qualification
970 3112 1177 3177 implied
1211 3114 1265 3160 in

926 3179 1002 3228 Cf.
1049 3179 1124 3226 ad
1165 3182 1263 3227 Aa.

260 3246 360 3294 ΙΙΙ.
402 3259 448 3307 9.
489 3258 542 3304 23
599 3245 688 3293 IV.
731 3245 777 3293 6.
814 3258 868 3308 33
911 3245 987 3292 acl
1021 3247 1079 3306 Q.
1105 3245 1194 3293 Fr.
1221 3245 1259 3292 I.

258 3324 380 3439 3⁶3.
410 3386 682 3442 perpetua
718 3414 730 3426 .
767 3414 779 3427 .
819 3414 831 3426 .
866 3377 1156 3426 felicitate:
1198 3376 1261 3425 cf.

258 3456 382 3506 3293
421 3444 497 3490 ad
513 3445 658 3492 Fam.
687 3444 757 3492 11.
789 3443 861 3491 16.
885 3455 931 3504 3,
956 3444 1138 3490 etenim
1165 3459 1261 3490 me-

256 3511 403 3559 mini
426 3511 486 3557 in
508 3510 596 3557 hoc
609 3525 793 3573 genere
806 3510 1037 3572 gloriari
1058 3510 1260 3556 solitum

255 3592 354 3624 esse
379 3575 716 3641 familiarem
759 3581 986 3623 nostrum
1033 3576 1091 3635 Q.
1127 3575 1261 3623 Hor·

253 3643 495 3699 tensium,
515 3641 653 3706 quod
671 3657 955 3705 numquam
975 3640 1094 3689 bello
1117 3641 1265 3688 civili

256 3709 588 3773 interfuisset.

323 3782 448 3823 tum
475 3810 487 3822 .
513 3809 526 3822 .
552 3810 564 3822 .
589 3787 752 3822 cum:
791 3779 880 3821 not
904 3789 968 3821 an
993 3779 1131 3821 exact
1156 3788 1261 3821 cor·

255 3839 605 3904 respondence
619 3839 678 3887 of
690 3838 837 3887 time:
866 3838 993 3887 from
1009 3839 1094 3887 the
1112 3839 1262 3887 death

258 3905 514 3989 (occidit,
548 3903 888 3972 momentary)
930 3904 1014 3954 the
1049 3904 1262 3968 thought

1364 2786 1408 2832 is
1431 2783 1622 2833 carried
1646 2800 1714 2833 on
1737 2791 1790 2833 to
1814 2784 1897 2833 the
1922 2785 2042 2834 time
2060 2786 2366 2852 Subsequent

1371 2850 1450 2914 (si
1473 2849 1735 2913 viveret).

1431 2925 1658 2980 posset:
1698 2916 1931 2980 apodosis
1955 2917 2032 2966 for
2054 2918 2103 2966 si
2123 2919 2329 2966 viveret.

1431 2982 1857 3032 benevolentia:
1887 2983 1963 3032 i.e.
1987 2998 2110 3048 pure
2134 2992 2364 3047 congrat·

1367 3048 1570 3096 ulation.

1395 3164 1399 3168 ,
1433 3114 1843 3164 misericordia:
1905 3114 1991 3163 the
2035 3117 2364 3179 com-passion

1367 3180 1529 3228 which
1553 3185 1780 3249 suggests
1804 3195 1895 3229 our
1919 3196 2031 3229 own
2054 3180 2195 3243 grief.
2255 3182 2365 3230 The

1366 3246 1520 3308 slight
1558 3246 1815 3294 antithesis
1848 3246 1890 3295 is
1924 3246 2113 3295 further
2149 3247 2365 3310 brought

1365 3318 1452 3359 out
1470 3312 1521 3359 in
1541 3311 1699 3360 illum
1725 3313 1916 3375 potius
1940 3326 2112 3375 quam
2137 3321 2365 3363 nosmet

1365 3378 1525 3441 ipsos
1549 3378 1795 3440 diligere.

1425 3457 1852 3507 prosequamur,
1854 3444 2031 3510 follow
2065 3446 2189 3504 orth,
2202 3446 2364 3494 honor

1363 3510 1428 3572 by
1457 3511 1734 3572 attending,
1758 3510 1921 3560 honor
1941 3526 1963 3559 .·
2055 3527 2151 3560 usc.
2183 3511 2251 3559 ΙΙ.
2281 3523 2359 3576 25.

1365 3575 1453 3634 613
1498 3576 1603 3624 Liv.
1632 3577 1725 3625 IX.
1753 3575 1798 3625 8.

1432 3652 1478 3706 5.
1526 3642 1914 3703 domesticam,
1965 3642 2245 3707 personale
2301 3643 2364 3691 cf.

1376 3709 1520 3757 Tusc.
1553 3709 1594 3756 I.
1623 3708 1704 3769 46.
1740 3720 1848 3768 111,
1879 3716 2108 3758 nostrum
2144 3709 2283 3757 enim
2320 3715 2369 3755 et

1364 3781 1537 3821 nostra
1562 3790 1715 3822 causa
1737 3781 2012 3837 susceptum
2032 3774 2244 3823 dolorem
2270 3790 2366 3821 mo-

1364 3839 1472 3887 dice
1491 3841 1641 3904 ferre
1664 3840 1903 3899 debemus,
1927 3856 1991 3888 ne
2021 3846 2210 3889 nosmet
2241 3840 2367 3903 ipsos

1364 3920 1545 3953 amare
1568 3905 1855 3954 videamur.
