2767 4334
232 365 328 417 100
1198 361 1472 413 CICERO.

332 531 729 608 Caesarem;
774 531 992 594 rarius
1024 529 1228 595 Cotta
1257 538 1326 593 et
1360 526 1700 612 Sulpicius
1733 526 2235 611 expetebantur.
2335 524 2443 589 Ita

329 636 415 700 ab
460 634 563 699 his
609 654 726 700 sex
768 632 1068 717 patronis
1114 653 1353 699 causae
1398 631 1717 698 inlustres
1765 632 2176 717 agebantur;
2224 650 2442 715 neque

329 748 467 804 tam
515 737 726 803 multa
769 758 969 822 quam
1029 747 1259 803 nostra
1316 746 1541 804 aetate
1599 736 1844 803 iudicia
1901 738 2170 816 fiebant,
2222 759 2441 823 neque

329 845 474 920 hoc,
509 843 685 928 quod
731 864 912 908 nune
957 843 1054 920 fit,
1089 852 1163 907 ut
1210 862 1452 908 causae
1498 842 1805 927 singulae
1851 832 2371 940 defenderentur
2401 864 2441 907 a

227 948 660 1032 aosspluribus3
700 968 833 1032 quo
864 946 1031 1011 nihil
1061 955 1166 1012 est
1189 946 1514 1012 vitiosius.
1593 947 2109 1030 Respondemus
2140 947 2237 1013 eis
2271 969 2437 1031 quos

328 1073 463 1118 non
494 1051 909 1131 audivimus;
952 1051 1022 1115 in
1054 1071 1185 1135 quo
1215 1051 1504 1134 primum
1535 1070 1736 1134 saepe
1777 1050 1972 1140 aliter
2008 1060 2115 1116 est
2160 1051 2433 1129 dictum,

327 1156 521 1222 aliter
569 1156 655 1222 ad
708 1176 833 1221 nos
885 1154 1211 1234 relatum;
1283 1154 1527 1220 deinde
1585 1155 1811 1239 magni
1871 1154 2153 1222 interest
2213 1176 2435 1222 coram

326 1261 552 1325 videre
598 1280 708 1326 me
759 1280 958 1344 quem
1003 1261 1088 1325 ad
1136 1260 1408 1324 modum
1456 1258 1873 1324 adversarius
1921 1259 2006 1325 de
2055 1280 2316 1345 quaque
2365 1281 2436 1326 re

326 1365 691 1442 adseveret,
724 1364 993 1429 maximi
1026 1373 1252 1430 autem
1288 1383 1490 1448 quem
1533 1363 1619 1427 ad
1664 1364 1935 1428 modum
1981 1385 2282 1448 quaeque
2326 1385 2436 1431 res

327 1468 649 1536 audiatur.
744 1468 881 1535 Sed
927 1467 1092 1533 nihil
1126 1467 1434 1533 vitiosius
1481 1488 1697 1552 quam,
1739 1488 1892 1532 cum
1938 1488 2144 1533 unum
2196 1490 2435 1552 corpus

328 1574 569 1639 debeat
616 1593 766 1639 esse
809 1570 1238 1650 defensionis,
1287 1572 1472 1637 nasci
1518 1573 1603 1637 de
1649 1572 1913 1656 integro
1959 1593 2247 1650 causam,
2281 1594 2433 1639 cum

227 1678 414 1752 209sit
446 1679 531 1743 ab
561 1676 773 1742 altero
819 1686 1140 1760 perorata.
1237 1676 1559 1741 Omnium
1606 1676 1783 1742 enim
1832 1697 2181 1742 causarum
2227 1699 2434 1744 unum

327 1791 432 1847 est
479 1782 782 1846 naturale
824 1779 1242 1864 principium,
1277 1801 1412 1846 una
1457 1780 1828 1863 peroratio;
1872 1781 2166 1866 reliquae
2209 1791 2435 1866 partes

328 1886 516 1970 quasi
549 1886 849 1951 membra
878 1905 1000 1949 suo
1031 1905 1334 1970 quaeque
1378 1885 1525 1950 loco
1570 1884 1788 1950 locata
1834 1906 2022 1950 suam
2070 1895 2139 1951 et
2183 1886 2319 1950 vim
2366 1896 2434 1952 et

328 1990 726 2074 dignitatem
780 1998 1036 2054 tenent.
1149 1989 1322 2054 Cum
1374 1998 1601 2054 autem
1655 1988 1923 2055 difficile
1976 1988 2064 2055 sit
2118 1990 2187 2054 in
2235 1989 2437 2075 longa

329 2094 629 2159 oratione
677 2111 812 2160 non
862 2093 1216 2178 aliquando
1266 2092 1513 2177 aliquid
1561 2093 1656 2157 ita
1707 2093 1929 2159 dicere
1981 2103 2055 2158 ut
2112 2094 2238 2159 sibi
2291 2095 2436 2178 ipse

329 2219 464 2262 non
511 2196 883 2274 conveniat,
919 2206 1170 2281 quanto
1215 2196 1549 2262 difficilius
1595 2197 1829 2263 cavere
1884 2217 1968 2261 ne
2022 2198 2179 2282 quid
2230 2198 2432 2277 dicaS,

328 2302 506 2386 quod
554 2322 688 2365 non
736 2301 1089 2366 conveniat
1136 2300 1280 2366 eius
1327 2301 1609 2366 orationi
1663 2302 1775 2384 qui
1820 2311 1979 2367 ante
2023 2311 2093 2367 te
2145 2302 2436 2368 dixerit?

331 2405 466 2471 Sed
498 2405 653 2489 quia
682 2414 750 2470 et
781 2405 968 2471 labor
998 2405 1208 2469 multo
1256 2404 1466 2469 maior
1509 2413 1615 2469 est
1661 2414 1871 2470 totam
1921 2426 2188 2472 causam
2235 2429 2433 2491 quam

328 2518 584 2593 partem
638 2509 861 2574 dicere
914 2517 984 2574 et
1038 2508 1191 2593 quia
1242 2509 1467 2592 plures
1512 2508 1831 2574 ineuntur
1873 2510 2128 2594 gratiae
2182 2510 2239 2575 si
2300 2533 2433 2576 uno

326 2623 628 2697 tempore
659 2613 842 2678 dicas
874 2634 993 2697 pro
1025 2612 1344 2697 pluribus,
1379 2612 1626 2680 idcirco
1657 2613 1830 2680 hanc
1876 2615 2432 2684 consuetudinem

326 2717 615 2784 libenter
642 2716 1017 2783 ascivimus.

381 2885 707 2934 Caesarem.
729 2894 843 2949 1773
861 2898 948 2933 see
964 2881 1151 2933 textual
1165 2888 1326 2934 notes.
1494 2890 1783 2950 perorata:
1825 2896 1935 2948 190.
1959 2900 2011 2936 ιι.

380 2964 567 3014 neque
589 2951 728 3001 hoc.
767 2949 830 2999 cf.
845 2956 948 3013 pro
973 2950 1081 2999 Clu.
1111 2961 1186 3014 70.
1218 2962 1328 3012 199,
1495 2962 1609 3013 209.
1643 2951 1929 3002 naturale.
1972 2951 2146 3016 Quint.
2171 2953 2272 3003 111.
2308 2951 2354 3003 8.
2385 2954 2434 3014 6,

325 3018 419 3082 qui
439 3024 593 3067 totam
609 3017 747 3066 hanc
768 3031 977 3065 causam
996 3023 1157 3065 vetere
1181 3016 1329 3066 insti·
1429 3032 1591 3081 neque
1612 3018 1754 3067 enim
1778 3017 1995 3082 abrupte
2013 3034 2101 3067 nec
2127 3018 2262 3068 unde
2282 3020 2440 3070 libuit

324 3090 431 3133 tuto
452 3083 586 3132 solus
598 3083 865 3148 peroravi.
1430 3083 1805 3160 incipiendum,
1849 3085 1975 3148 quia
2017 3091 2089 3132 est
2125 3085 2343 3150 aliquid
2372 3087 2435 3136 in

379 3149 674 3199 vitiosius.
715 3150 779 3199 cf.
804 3149 864 3197 de
894 3149 982 3197 Or.
1011 3148 1083 3198 II.
1112 3159 1189 3214 77.
1214 3160 1326 3213 313,
1429 3149 1573 3198 omni
1584 3151 1805 3199 materia
1827 3150 2148 3199 naturaliter
2155 3153 2434 3215 przmum

325 3216 466 3281 quod
481 3216 616 3264 mihi
638 3230 928 3280 numquam
941 3215 1162 3279 placuit.
1427 3215 1519 3265 V1.
1550 3228 1590 3263 1.
1616 3226 1696 3281 55,
1723 3222 1771 3265 et
1797 3215 1979 3279 epilogt
2015 3223 2064 3264 et
2085 3218 2437 3281 perorationis

382 3281 495 3333 208.
529 3281 794 3332 maximi.
835 3280 921 3329 the
943 3281 1216 3331 shrewdest
1243 3282 1328 3331 ad·
1430 3282 1645 3330 nomina
1671 3283 1782 3345 ipsa
1808 3288 1981 3346 aperte
2005 3285 2130 3331 satis
2153 3286 2436 3345 ostendunt,

323 3354 530 3398 vocates
565 3346 731 3396 watch
780 3346 967 3412 closely
1008 3347 1137 3397 their
1175 3347 1328 3412 juries
1426 3347 1565 3397 hanc
1619 3364 1716 3397 esse
1779 3350 2263 3400 consummationem
2319 3366 2435 3401 ora·

325 3415 428 3464 and
445 3413 641 3493 judges.
1428 3415 1599 3465 tionis.

381 3483 451 3531 de
488 3480 740 3545 integro:
780 3498 873 3532 our
894 3482 1105 3532 modern
1129 3481 1327 3532 fashion
1495 3482 1649 3546 ipse.
1716 3482 1802 3532 the
1854 3482 2070 3548 speaker
2118 3481 2328 3548 implied
2379 3482 2436 3533 in

325 3548 368 3596 is
394 3555 447 3597 to
477 3546 601 3597 hear
625 3562 777 3612 many
800 3548 1067 3599 advocates
1100 3564 1168 3598 on
1202 3547 1328 3598 each
1430 3547 1613 3599 dicere
1640 3549 1930 3613 preceding.
1989 3549 2039 3599 Α
2061 3548 2301 3615 personal
2321 3549 2435 3598 sub·

325 3614 434 3664 side
466 3611 527 3663 of
565 3629 634 3664 an
669 3613 942 3679 important
976 3629 1106 3674 case,
1138 3614 1242 3664 and
1275 3621 1328 3663 to
1423 3612 1526 3677 ject
1548 3614 1627 3665 for
1652 3615 1955 3665 conveniat
1989 3614 2043 3664 in
2079 3615 2178 3665 this
2212 3630 2358 3666 sense
2392 3615 2437 3665 is

327 3680 475 3729 allow
507 3680 633 3730 each
682 3695 782 3730 one
825 3687 880 3729 to
917 3696 1060 3730 roam
1091 3695 1210 3729 over
1243 3679 1329 3729 the
1430 3695 1554 3741 rare,
1590 3681 1693 3730 and
1727 3680 1770 3731 is
1804 3681 1956 3745 given
1989 3696 2059 3746 up
2094 3682 2149 3732 in
2192 3682 2280 3732 the
2319 3687 2437 3731 next

325 3745 491 3794 whole
513 3745 736 3808 ground3
780 3745 883 3795 and
904 3745 982 3795 for
1003 3744 1118 3805 this,
1144 3760 1198 3794 as
1214 3745 1328 3795 well
1429 3745 1610 3795 clause.

328 3826 384 3858 as
405 3810 484 3859 for
507 3811 653 3861 other
676 3826 897 3874 reasons,
921 3811 1058 3862 trials
1089 3825 1228 3874 grow
1251 3812 1326 3860 in·
1494 3812 1714 3875 plures.
1758 3813 1790 3861 i.
1795 3829 1834 3861 e.
1860 3811 1920 3862 of
1933 3825 2085 3876 many
2105 3828 2332 3879 persons.

327 3874 592 3939 sufferably
611 3876 827 3927 tedious.
1493 3891 1596 3942 pro
1626 3877 1917 3942 pluribus.
1969 3885 2059 3929 not
2093 3878 2212 3944 only
2242 3879 2321 3930 for
2345 3877 2432 3930 the
