2767 4334
1253 390 1539 443 BRUTUS.
2406 390 2498 442 153

296 554 564 620 habitus
597 564 665 619 et
696 576 866 639 quae
895 556 1119 640 figura·
1138 575 1273 620 non
1318 554 1549 639 procul
1580 556 1818 621 abesse
1847 562 2122 640 putatur
2150 576 2190 620 a
2217 554 2397 620 vitae

296 660 609 743 periculo,
644 659 701 723 si
747 659 1006 725 accedit
1053 659 1239 724 labor
1283 669 1350 724 et
1398 659 1683 725 laterum
1726 680 1968 744 magna
2013 660 2397 738 contentio;

297 785 509 848 eoque
556 764 767 849 magis
812 765 940 829 hoc
985 784 1118 841 eOS,
1153 765 1397 848 quibus
1443 786 1622 830 eram
1669 785 1878 841 caruS,
1914 765 2392 840 commovebat,

296 870 470 952 quod
519 869 743 933 omn-ia
789 868 932 934 sine
979 869 1390 946 remissione,
1442 869 1587 934 sine
1631 868 1973 945 varietate,
2022 868 2089 933 vi
2137 889 2396 935 summa

295 973 479 1038 vocis
535 983 602 1037 et
648 972 856 1039 totius
910 974 1204 1057 corporis
1254 973 1690 1038 contentione
1737 974 2059 1038 dicebam.
2157 974 2394 1058 Itaque
2412 1001 2499 1048 314

298 1097 448 1141 cum
497 1098 604 1141 me
635 1086 703 1142 et
735 1078 928 1143 amici
962 1087 1030 1142 et
1062 1078 1303 1142 medici
1349 1079 1775 1142 hortarentur
1812 1086 1886 1141 ut
1932 1097 2166 1142 causas
2198 1098 2396 1161 agere

298 1182 714 1259 desisterem,
771 1182 1049 1266 quodvis
1102 1182 1326 1265 potius
1379 1181 1748 1264 periculum
1802 1181 1965 1246 mihi
2017 1182 2396 1246 adeundum

298 1307 495 1370 quam
527 1306 568 1350 a
598 1296 862 1368 sperata
890 1286 1154 1351 dicendi
1185 1286 1394 1371 gloria
1424 1286 1902 1355 discedendum
1934 1285 2178 1368 putavi.
2261 1285 2397 1351 Sed

298 1411 449 1454 cum
492 1410 836 1455 censerem
874 1389 1266 1456 remissione
1313 1400 1382 1455 et
1430 1390 1883 1455 moderatione
1913 1390 2094 1455 vocis
2126 1400 2195 1455 et
2226 1411 2400 1456 com·

299 1503 557 1559 mutato
603 1515 849 1578 genere
878 1494 1145 1560 dicendi
1192 1515 1298 1559 me
1345 1503 1413 1559 et
1458 1494 1825 1578 periculum
1856 1495 2067 1559 vitare
2097 1514 2295 1578 posse
2327 1503 2395 1558 et

297 1600 732 1682 temperatius
762 1599 1002 1676 dicere,
1037 1609 1112 1664 ut
1155 1598 1714 1664 consuetudinem
1741 1598 2003 1664 dicendi
2049 1608 2393 1675 mutarem,

300 1723 379 1767 ea
415 1723 615 1768 causa
655 1702 817 1767 mihi
854 1704 923 1768 in
954 1702 1193 1768 Asiam
1229 1702 1693 1786 proficiscendi
1729 1703 1873 1767 fuit.
1972 1704 2208 1787 Itaque
2245 1723 2397 1768 cum

301 1827 521 1871 essem
567 1806 913 1872 biennium
942 1817 1248 1872 versatus
1295 1808 1364 1871 in
1411 1807 1629 1872 causis
1676 1816 1743 1871 et
1785 1807 1914 1872 iam
1953 1807 2021 1870 in
2056 1807 2201 1871 foro
2234 1807 2400 1872 cele-

300 1910 563 1976 bratum
596 1931 815 1976 meum
848 1931 1094 1975 nomen
1127 1921 1325 1988 esset,
1357 1913 1574 1976 Roma
1605 1933 1752 1976 sum
1783 1912 2139 1994 profectus.
2222 1910 2394 1977 Cum
2413 1937 2500 1987 315

300 2015 636 2081 venissem
692 2015 1022 2093 Athenas,
1073 2037 1192 2081 sex
1244 2016 1497 2080 mensis
1552 2037 1703 2080 cum
1757 2015 2100 2080 Antiocho
2152 2016 2397 2081 veteris

300 2120 707 2186 Academiae
738 2119 1150 2185 nobilissimo
1188 2130 1257 2185 et
1293 2119 1813 2204 prudentissimo
1850 2119 2243 2203 philosopho
2279 2117 2394 2197 fui,

302 2224 727 2309 studiumque
769 2223 1241 2308 philosophiae,
1283 2246 1644 2309 numquam
1692 2224 2146 2289 intermissum
2191 2245 2231 2288 a
2274 2224 2401 2307 pri-

300 2348 541 2420 maque
563 2328 1017 2394 adulescentia
1040 2329 1292 2421 cultum
1318 2339 1385 2393 et
1413 2350 1676 2412 semper
1697 2337 1984 2405 auctum,
2013 2329 2138 2394 hoc
2171 2349 2398 2393 rursus

303 2454 562 2498 summo
585 2442 859 2499 auctore
880 2443 948 2498 et
974 2433 1245 2498 doctore
1277 2433 1606 2498 renovavi.
1692 2434 1947 2497 Eodem
1978 2442 2205 2497 tamen
2236 2442 2399 2498 tem-

299 2557 460 2621 pore
500 2537 796 2602 Athenis
842 2538 1017 2621 apud
1064 2538 1484 2602 Demetrium
1536 2539 1777 2624 Syrum
1807 2546 2102 2602 veterem
2150 2547 2217 2602 et
2264 2557 2398 2602 non

301 2642 662 2725 ignobilem
692 2641 955 2706 dicendi
988 2642 1382 2725 magistrum
1417 2641 1714 2706 studiose
1744 2641 2035 2706 exerceri
2083 2641 2394 2706 solebam.

196 2812 203 2817 ,
303 2746 461 2810 Post
492 2767 531 2809 a
560 2766 667 2809 me
697 2745 869 2810 Asia
909 2755 1053 2809 tota
1095 2755 1447 2830 peragrata
1477 2754 1600 2822 est,
1629 2746 1878 2831 suique
1922 2767 2073 2810 cum
2122 2746 2398 2810 summis

301 2849 567 2934 quidem
623 2849 1016 2927 oratoribuS,
1070 2850 1467 2935 quibuscum
1522 2850 1876 2914 exercebar
1926 2849 2087 2932 ipsis
2140 2849 2402 2914 libenti-
2465 2879 2472 2890 ¹
2559 2881 2568 2888 ,
2607 2869 2614 2884 ¹

301 2955 466 3034 bus;
534 2975 814 3039 quorum
875 2964 1016 3020 erat
1076 2955 1387 3039 princeps
1451 2954 1813 3038 Menippus
1877 2954 2400 3019 Stratonicensis

303 3079 452 3123 meo
487 3057 728 3123 iudicio
759 3067 906 3123 tota
935 3058 1106 3123 Asia
1136 3058 1265 3124 illis
1296 3059 1713 3143 temporibus
1745 3058 2261 3137 disertissimus;
2308 3068 2396 3136 et,

301 3244 536 3309 changed
570 3244 708 3305 here,
742 3249 796 3293 to
831 3245 930 3294 suit
962 3244 1050 3293 the
1084 3249 1301 3304 context,
1471 3244 1867 3309 temperatius:
1916 3265 1966 3287 =
2001 3247 2017 3270 ‘
2034 3243 2153 3293 with
2185 3259 2217 3293 a
2246 3242 2404 3307 justet

299 3316 353 3359 to
375 3324 738 3374 cognoscere.
1404 3311 1660 3359 restraint’
1671 3328 1685 3369 3
1741 3309 1804 3359 cs.
1843 3309 1902 3358 de
1939 3310 2026 3361 Or.
2063 3310 2134 3360 11.
2173 3321 2251 3375 53.
2290 3321 2402 3369 212,

368 3376 733 3426 remissione:
774 3388 872 3438 314
879 3394 894 3437 ;
938 3376 997 3426 de
1026 3377 1113 3425 Or.
1149 3377 1190 3426 1.
1221 3376 1299 3425 61.
1407 3393 1566 3440 neque
1598 3382 1668 3425 est
1698 3376 1810 3425 ulla
1844 3376 2171 3440 temperatior
2200 3376 2366 3425 oratio
2378 3393 2403 3433 ‚·

303 3443 415 3502 261,
439 3443 775 3491 contentiones
807 3442 941 3491 vocis
973 3449 1023 3491 et
1052 3443 1300 3492 remissio·
1412 3443 1499 3490 Or.
1526 3455 1603 3506 27.
1627 3454 1690 3507 95
1700 3460 1716 3501 ;
1760 3440 1839 3490 28.
1862 3440 1953 3503 983
1990 3441 2049 3490 de
2078 3441 2171 3508 Off.
2207 3442 2250 3490 1.
2291 3454 2333 3490 1.
2358 3454 2405 3504 3,

303 3525 424 3565 nes:
457 3508 630 3571 Quint.
654 3509 696 3558 1.
728 3521 801 3558 10.
829 3519 906 3573 25.
1404 3509 1664 3571 aequabile
1698 3514 1747 3556 et
1781 3514 2112 3572 temperatum
2152 3508 2407 3557 orationis

369 3587 479 3637 314.
526 3574 761 3625 medici:
810 3590 842 3624 a
874 3573 1158 3639 profession
1192 3573 1302 3623 that
1404 3589 1583 3637 genus.

301 3656 443 3689 came
464 3641 566 3689 late
589 3646 642 3689 to
665 3640 829 3689 honor
851 3647 904 3689 at
927 3640 1105 3690 Rome.
1469 3641 1784 3704 profectus:
1820 3651 1917 3690 Rc.
1943 3651 2023 3705 79.

367 3720 690 3756 censerem:
751 3706 1040 3770 expressing
1084 3722 1115 3755 a
1154 3705 1301 3770 judg-
1472 3718 1529 3768 3¹
1538 3717 1582 3771 5.
1620 3706 1843 3769 fuique:
1882 3721 1967 3755 see
1989 3705 2175 3755 textual
2197 3711 2357 3755 notes.

301 3779 439 3822 ment
472 3779 527 3821 to
559 3772 624 3821 be
659 3772 853 3821 carried
878 3772 985 3821 into
1018 3771 1176 3831 effect,
1199 3773 1304 3821 and
1471 3779 1619 3822 tota:
1672 3772 1840 3820 where
1879 3779 2009 3821 totus
2051 3771 2093 3821 is
2138 3770 2279 3831 used,
2319 3770 2407 3819 the

301 3853 359 3887 so
394 3837 625 3888 different
655 3838 788 3888 from
821 3838 1034 3903 putavi,
1060 3838 1227 3887 which
1260 3838 1303 3886 is
1404 3853 1547 3902 prep.
1569 3838 1611 3886 is
1635 3837 1917 3901 commonly
1941 3837 2148 3886 omitted
2168 3837 2292 3886 with
2319 3836 2407 3885 the

300 3903 589 3968 subjective.
1406 3903 1504 3952 abl.
1523 3903 1812 3969 expressing
1831 3903 1918 3952 the
1939 3903 2084 3969 place
2098 3902 2280 3954 where.
2340 3902 2406 3951 In
