2767 4334
1318 374 1607 427 BRUTUS.
2492 378 2556 431 95

351 537 708 623 explicanS,
738 557 884 603 eam
909 536 1418 603 admirationem
1445 539 2047 625 adsensionemque
2077 543 2452 620 commovit,

351 644 597 711 dixisse
650 651 724 707 ut
779 649 1011 708 contra
1061 662 1262 707 nemo
1316 641 1667 708 videretur.
1767 644 1922 709 Hoc
1973 655 2117 712 erat
2176 648 2455 712 oratoris

352 751 642 817 officium
689 747 1045 831 partitione
1093 745 1387 824 tertium,
1425 767 1668 832 genere
1704 748 2080 816 maximum.
2176 753 2314 819 Hic
2344 753 2456 819 ille

350 856 436 923 de
479 855 725 941 populo
756 854 969 934 iudeX,
1004 854 1116 938 qui
1151 855 1509 937 separatim
1543 853 1827 919 alterum
1862 856 2224 922 admiratus
2255 868 2452 935 esset,

352 961 527 1026 idem
573 960 799 1027 audito
830 961 1038 1026 altero
1073 961 1390 1026 iudicium
1425 982 1618 1026 suum
1655 971 2154 1041 contemneret3
2198 971 2268 1028 at
2296 983 2453 1028 vero

351 1065 749 1151 intellegens
805 1074 874 1131 et
924 1066 1162 1131 doctus
1209 1065 1488 1131 audiens
1540 1065 1930 1131 Scaevolam
1978 1066 2259 1132 sentiret
2304 1087 2455 1132 esse

351 1171 681 1253 quoddam
713 1169 981 1235 uberius
1015 1169 1280 1235 dicendi
1311 1190 1528 1253 genus
1561 1179 1630 1235 et
1672 1170 2012 1236 ornatius:
2055 1171 2141 1235 ab
2172 1180 2455 1255 utroque

351 1284 575 1339 autem
631 1294 831 1340 causa
892 1284 1214 1357 perorata,
1280 1270 1338 1339 si
1399 1283 1830 1358 quaereretur
1881 1284 2033 1339 uter
2082 1284 2452 1359 praestaret

350 1388 588 1456 orator,
637 1399 1001 1462 numquam
1046 1379 1348 1462 profecto
1395 1378 1718 1462 sapientis
1764 1378 2080 1444 iudicium
2124 1399 2166 1444 a
2208 1379 2452 1444 iudicio

349 1483 527 1567 volgi
558 1483 980 1566 discreparet.

440 1587 576 1687 Qui
622 1596 917 1670 praestat
964 1586 1170 1671 igitur
1199 1585 1601 1671 intellegens
1648 1586 2002 1694 imperito?
2094 1588 2346 1671 Magna
2382 1608 2452 1652 re
2471 1568 2555 1693 ἐξ

350 1703 420 1759 et
464 1680 754 1773 difficili3
809 1694 867 1759 si
913 1695 1182 1778 quidem
1229 1715 1546 1778 magnum
1593 1703 1700 1760 est
1747 1669 1917 1759 scire
1945 1695 2203 1782 quibus
2251 1696 2451 1760 rebus

260 1819 265 1824 ·
351 1798 676 1864 efficiatur
720 1798 1149 1864 amittaturve
1200 1799 1484 1864 dicendo
1530 1795 1693 1863 illud
1738 1798 2050 1883 quicquid
2101 1808 2225 1877 est,
2275 1800 2451 1883 quod

349 1911 465 1968 aut
512 1902 686 1968 effici
717 1902 1000 1969 dicendo
1031 1912 1295 1986 oportet
1326 1912 1442 1967 aut
1473 1902 1692 1968 amitti
1724 1923 1859 1968 non
1891 1912 2170 1986 oportet.
2263 1904 2452 1968 Prae-

350 2016 484 2072 stat
517 2007 720 2072 etiam
763 2007 876 2072 illo
922 2008 1160 2073 doctus
1206 2007 1469 2072 auditor
1499 2007 1789 2085 indocto,
1823 1993 1999 2091 quod
2045 2027 2262 2091 saepe,
2297 2028 2448 2100 cuin

349 2121 646 2177 oratores
689 2112 822 2177 duo
867 2121 982 2176 aut
1028 2111 1251 2196 plures
1297 2111 1525 2195 populi
1571 2111 1817 2176 iudicio
1861 2112 2247 2195 probantur,
2281 2112 2486 2196 quod-

350 2216 617 2281 dicendi
662 2228 876 2301 genus
922 2216 1250 2299 optimum
1295 2216 1384 2280 sit
1431 2215 1802 2299 intellegit;
1848 2236 2002 2280 nam
2048 2215 2229 2294 illud,
2273 2217 2450 2300 quod

349 2320 594 2404 populo
647 2341 781 2385 non
836 2322 1170 2404 probatur,
1227 2340 1314 2384 ne
1365 2319 1787 2403 intellegenti
1840 2320 2105 2404 quidem
2165 2319 2448 2384 auditori

349 2424 613 2508 probari
657 2433 899 2507 potest.
989 2424 1087 2490 Ut
1134 2424 1313 2489 enim
1357 2445 1443 2489 ex
1486 2444 1838 2488 nervorum
1885 2444 2050 2488 sono
2095 2423 2164 2487 in
2205 2424 2448 2488 fidibus

350 2549 548 2614 quam
603 2528 894 2593 scienter
937 2527 1000 2593 ei
1051 2527 1227 2611 pulsi
1280 2528 1417 2593 sint
1463 2527 1762 2611 intellegi
1810 2525 1998 2613 solet,
2048 2527 2144 2592 sic
2190 2547 2271 2592 ex
2316 2528 2450 2592 ani-

350 2653 609 2699 morum
677 2641 864 2697 motu
931 2632 1225 2697 cernitur
1290 2632 1450 2716 quid
1525 2631 1892 2697 tractandis
1969 2631 2073 2696 his
2148 2632 2447 2715 perficiat

349 2746 586 2803 orator.
713 2737 950 2821 Itaque
1024 2727 1426 2820 intellegens
1492 2735 1758 2801 dicendi
1818 2735 2249 2813 existimator,
2314 2757 2447 2802 non
2466 2766 2553 2799 200

348 2841 659 2907 adsidens
742 2850 811 2905 et
893 2849 1154 2905 attente
1234 2840 1532 2918 audienS,
1607 2840 1726 2904 sed
1808 2860 1942 2904 uno
2023 2849 2299 2923 aspectu
2380 2851 2449 2907 et

348 2945 759 3030 praeteriens
790 2945 874 3010 de
905 2954 1165 3010 oratore
1202 2964 1405 3028 saepe
1450 2944 1728 3009 iudicat.·
1797 2943 2002 3009 Videt
2048 2943 2446 3010 oscitantem

347 3100 424 3149 ad
449 3107 496 3149 te
531 3101 662 3149 cives
695 3114 809 3149 cum
846 3099 1033 3148 tabulis
1069 3099 1347 3159 veniemus,
1452 3100 1628 3149 sumed
1651 3105 1704 3149 to
1726 3098 1790 3148 be
1809 3104 1919 3149 true
1942 3096 2098 3161 easily
2114 3112 2284 3164 passes
2305 3105 2359 3151 to
2381 3116 2450 3151 au

346 3167 580 3216 omnium
598 3172 890 3214 testamenta
913 3172 971 3214 tu
987 3165 1169 3214 scribes
1193 3180 1348 3215 unus.
1451 3165 1762 3230 assumption
1786 3163 1846 3214 of
1862 3165 1925 3214 its
1948 3164 2100 3215 truth.

413 3232 684 3282 iudicium
721 3244 922 3280 suum:
985 3229 1179 3281 formed
1223 3230 1350 3280 after
1518 3231 1642 3281 ί110·
1681 3237 1870 3280 neuter.

345 3297 555 3360 hearing
575 3297 663 3346 the
683 3296 803 3346 first.
1516 3310 1681 3347 nam·
1742 3296 1796 3361 (1
1837 3310 1925 3359 say
1965 3295 2181 3360 nothing
2215 3295 2275 3346 of
2306 3296 2451 3348 those

412 3364 680 3414 audiens:
734 3378 901 3413 serves
932 3377 989 3413 as
1020 3378 1053 3413 a
1089 3363 1348 3413 condition
1448 3362 1565 3413 who
1586 3377 1716 3412 were
1741 3368 1830 3412 not
1852 3362 1992 3412 liked
2021 3362 2088 3428 by
2109 3362 2197 3412 the
2218 3363 2450 3429 people),

345 3428 423 3480 for
446 3430 693 3481 sentiret.
1450 3430 1562 3497 sor,
1585 3436 1678 3479 etc.

411 3496 779 3562 discreparetx
851 3496 1087 3547 followed
1141 3496 1208 3559 by
1258 3497 1347 3557 ab,
1515 3496 1866 3546 animorum.
1909 3495 1932 3544 i
1934 3512 1988 3546 ..e
2012 3493 2072 3545 of
2100 3495 2187 3545 the
2208 3495 2451 3546 audience

343 3561 442 3611 less
491 3563 771 3629 frequently
828 3563 895 3627 by
946 3580 1080 3613 cum.
1171 3562 1348 3613 Cicero
1449 3567 1502 3612 at
1523 3562 1678 3626 large.

343 3630 449 3679 also
481 3631 574 3681 has
607 3631 709 3680 sibi
749 3631 1052 3694 discrepare.
1516 3629 1786 3679 cernitur.
1849 3627 1917 3692 by
1958 3628 2045 3678 the
2083 3627 2247 3687 critic,
2278 3626 2451 3678 whose

408 3694 1173 3762 540199.praestat.i..e
1218 3709 1274 3745 as
1318 3709 1349 3744 a
1450 3709 1598 3745 name
1620 3695 1662 3743 is
1687 3701 1903 3756 cognate
1925 3694 2048 3743 with
2073 3693 2173 3744 this
2194 3693 2351 3745 word.

339 3763 494 3829 judge
517 3763 578 3813 of
595 3769 810 3827 oratory.
1517 3772 1629 3810 200.
1666 3767 1931 3825 aspectu.
1971 3759 2093 3809 look.

410 3831 461 3880 si
495 3830 747 3892 quidem,
774 3830 945 3887 ,νίκας
968 3839 1062 3905 39.
1137 3826 1248 3877 The
1279 3824 1355 3876 ‘if
1512 3826 1697 3877 videt.
1761 3841 1828 3875 an
1879 3824 2224 3890 independent
2272 3824 2448 3876 condi-

340 3896 559 3949 indeed’
603 3895 664 3945 of
702 3910 733 3945 a
777 3892 1093 3962 proposition
1136 3899 1228 3944 not
1270 3907 1347 3944 as·
1452 3891 1581 3953 tion3
1624 3891 1689 3940 cf.
1716 3891 1769 3942 si
1792 3891 2072 3958 aspexerit
2092 3891 2271 3943 below.
