2767 4334
240 368 338 425 106

240 1404 327 1437 220

1203 368 1480 423 crcERo.
1551 449 1555 454 υ

338 535 604 602 volebat
635 556 807 622 quae
835 535 1257 621 vituperavit,
1291 556 1428 601 non
1466 556 1547 601 eo
1582 546 1884 619 tempore
1919 534 2272 603 instituere
2316 547 2448 605 se'r-

339 661 626 718 monem,
661 661 814 706 cum
854 639 1112 706 illarum
1153 659 1372 706 rerum
1412 640 1544 704 iarn
1585 650 1888 724 tempora
1918 642 2445 724 praeterissent?

340 745 477 813 Sed
515 746 610 810 ita
644 754 830 810 totus
875 754 1052 810 errat
1097 753 1172 810 ut
1211 744 1281 809 in
1317 744 1552 809 eodem
1595 763 1904 810 sermone
1933 745 2112 812 dicat
2151 747 2219 811 in
2262 769 2448 813 sena-

338 861 483 916 tum
530 870 604 915 se
651 848 941 914 Caesare
985 848 1259 915 consule
1305 868 1439 914 non
1487 849 1822 928 accedere,
1858 859 1925 914 et
1968 850 2035 914 id
2073 851 2251 918 dicat
2296 853 2446 937 ipso

339 956 613 1022 consule
673 954 902 1021 exiens
956 974 996 1020 e
1048 963 1303 1019 senatu.
1423 953 1567 1019 Iam
1622 953 1734 1037 qui
1795 954 1920 1018 hac
1974 965 2166 1038 parte
2216 958 2442 1035 animi,

339 1082 509 1147 quae
555 1071 782 1127 custos
828 1071 933 1127 est
979 1069 1349 1126 ceterarum
1387 1058 1641 1143 ingenii
1679 1060 1985 1143 partium,
2020 1070 2158 1125 tam
2205 1063 2446 1127 debilis

339 1176 521 1232 esset
568 1176 642 1231 ut
692 1187 779 1231 ne
827 1167 898 1229 in
949 1164 1198 1250 scripto
1250 1165 1519 1250 quidem
1569 1164 1987 1231 meminisset
2037 1166 2196 1249 quid
2248 1165 2447 1249 paulo

339 1281 499 1336 ante
545 1270 899 1355 posuisset,
934 1271 1091 1335 huic
1133 1270 1408 1335 minime
1450 1269 1691 1335 mirum
1738 1279 1842 1335 est
1885 1290 1966 1336 ex
2011 1280 2312 1354 tempore
2356 1271 2449 1335 di-

338 1375 518 1441 centi
565 1375 827 1441 solitam
868 1375 1140 1441 effluere
1178 1384 1493 1440 mentem.
1589 1375 1827 1459 Itaque
1866 1396 2016 1440 cum
2056 1375 2117 1439 ei
2155 1394 2281 1439 nec
2313 1374 2449 1439 offi-

341 1480 516 1546 cium
563 1480 827 1545 deesset
875 1489 945 1545 et
991 1480 1302 1564 flagraret
1348 1478 1576 1545 studio
1622 1478 1904 1557 dicendi,
1946 1499 2319 1562 perpaucae
2362 1481 2447 1544 ad

341 1604 492 1649 eum
543 1604 782 1650 causae
827 1583 1340 1663 deferebantur3
1394 1593 1618 1649 orator
1660 1592 1885 1648 autem
1934 1603 1974 1647 a
2023 1583 2162 1648 suis
2215 1604 2451 1667 aequa-

340 1687 514 1753 libus
561 1688 898 1772 proximus
944 1688 1214 1772 optimis
1260 1688 1738 1754 numerabatur
1781 1696 2055 1772 propter
2093 1689 2447 1753 verborum

340 1792 730 1870 bonitatem,
783 1802 856 1857 ut
909 1801 1068 1857 ante
1120 1791 1274 1870 dixi,
1323 1802 1393 1857 et
1446 1791 1822 1876 expeditam
1875 1812 1953 1857 ac
2001 1792 2445 1875 profluentem

341 1897 628 1981 quodam
674 1898 871 1961 modo
917 1879 1348 1962 celeritatem.
1445 1897 1684 1980 Itaque
1719 1896 1863 1960 eius
1904 1896 2241 1968 orationes
2281 1896 2452 1980 aspi-

341 2001 611 2067 ciendas
642 2010 871 2066 tamen
903 2021 1164 2066 censeo.
1253 2000 1429 2066 Sunt
1464 2000 1613 2065 illae
1658 2000 1927 2083 quidem
1972 1998 2444 2083 languidioreS,

338 2126 573 2171 verum
619 2115 847 2170 tamen
893 2115 1177 2189 possunt
1223 2125 1471 2189 augere
1516 2112 1584 2169 et
1619 2104 1808 2187 quasi
1853 2104 2030 2169 alere
2068 2103 2133 2168 id
2172 2104 2443 2181 bonum,

340 2212 517 2294 quod
553 2210 623 2273 in
660 2208 773 2275 illo
803 2208 1228 2275 mediocriter
1261 2209 1473 2274 fuisse
1505 2209 1971 2287 concedimus3
2016 2213 2194 2291 quod
2240 2209 2446 2274 habet

340 2323 598 2380 tantam
628 2314 763 2379 vim
804 2322 881 2379 ut
926 2313 1142 2380 solum
1180 2313 1326 2378 sine
1363 2312 1512 2378 aliis
1554 2313 1624 2376 in
1658 2312 1951 2378 Curione
1982 2313 2274 2395 speciem
2306 2333 2449 2379 ora-

339 2419 506 2484 toris
536 2418 815 2484 alicuius
845 2414 1167 2484 effecerit.
1262 2417 1398 2483 Sed
1428 2417 1512 2481 ad
1545 2417 1860 2482 instituta
1890 2417 2258 2482 redeamus.

432 2525 514 2589 In
538 2523 771 2589 eodem
804 2521 1010 2608 igitur
1037 2541 1316 2592 numero
1347 2521 1646 2587 eiusdem
1677 2520 1918 2587 aetatis
1946 2520 2021 2587 C.
2052 2520 2269 2587 Carbo
2292 2516 2443 2599 fuit,

403 2709 632 2756 eustos:
682 2702 743 2753 de
788 2703 880 2753 Or.
918 2702 962 2752 1.
1003 2712 1047 2768 5.
1094 2699 1171 2763 18,
1209 2701 1346 2767 quid

337 2772 508 2820 dicam
533 2770 593 2819 de
613 2769 849 2819 thesauro
871 2783 1051 2819 rerum
1084 2770 1338 2829 omnium,

338 2837 586 2886 memoria
605 2837 635 2885 ,⁹
678 2852 810 2901 quae
832 2835 942 2885 nisi
966 2842 1123 2884 custos
1157 2836 1336 2884 inven-

337 2905 403 2953 tis
424 2903 746 2967 cogitatisque
764 2900 914 2951 rebus
933 2907 985 2952 et
1000 2900 1168 2950 verbis
1192 2901 1337 2950 adhi-

337 2970 530 3029 beatur,
557 2976 676 3028 etc.;
719 2968 796 3017 ad
809 2968 1003 3017 Heren.
1029 2967 1128 3017 111.
1158 2967 1234 3016 16.
1258 2966 1337 3017 28.

404 3035 659 3086 effluere:
698 3032 763 3084 cf.
781 3033 859 3084 ad
869 3034 1014 3084 Fam.
1031 3033 1154 3083 VII.
1179 3046 1253 3095 14.
1278 3045 1328 3092 13

274 3086 281 3092 ⁰
337 3117 479 3151 mens
500 3101 620 3151 here
642 3122 692 3143 =
718 3098 909 3149 mental
929 3114 1102 3164 power
1118 3115 1176 3149 or
1191 3100 1327 3163 grip;

336 3168 405 3217 cf.
426 3183 565 3216 mens
585 3167 777 3225 animi,
804 3166 950 3215 Lucr.
969 3165 1069 3215 ΙΙΙ.
1087 3166 1209 3231 6153
1246 3166 1334 3216 IV.

338 3232 458 3298 7583
501 3240 620 3293 etc.;
670 3232 837 3282 Catul.
860 3231 939 3296 65.
962 3246 1011 3294 4.

403 3312 514 3349 220.
546 3298 828 3348 officium:
864 3298 1081 3347 abstract
1112 3297 1190 3346 for
1216 3313 1335 3346 con·

336 3373 469 3414 crete
478 3383 493 3425 3
525 3386 573 3409 =
599 3381 632 3413 a
651 3365 929 3432 following
941 3363 1000 3413 of
1021 3363 1211 3413 friends
1233 3364 1336 3413 and

335 3432 665 3495 dependente»,
712 3429 789 3480 for
835 3431 1002 3480 whom
1057 3428 1124 3479 he
1166 3429 1337 3479 would

335 3497 581 3560 naturally
605 3503 685 3546 act
721 3513 777 3547 as
814 3497 1081 3556 advocate3
1124 3495 1188 3545 cf.
1222 3496 1334 3560 Juv.

334 3564 400 3614 X.
426 3576 506 3629 45,
532 3564 898 3630 praecedentia
935 3563 1077 3626 longi
1107 3562 1337 3626 agminis

453 3631 463 3640 .
890 3631 903 3655 ,
1118 3646 1131 3659 ⁹

332 3631 944 3758 &5224235‘2222223322
976 3635 1134 3761 ἓξὲξ..
1157 3628 1334 3743 ..5Σὲ

334 3768 443 3809 tum
459 3778 483 3818 ,·
516 3777 576 3812 so
599 3762 711 3821 Eu„
729 3761 876 3826 Jahn,
900 3767 948 3809 et
966 3762 1033 3809 al.
1050 3777 1073 3817 ‚·
1108 3761 1194 3809 the
1216 3759 1335 3823 only

333 3826 603 3875 drawback
671 3833 725 3875 to
794 3827 893 3876 this
955 3825 1333 3890 interpretation

332 3889 489 3954 being
511 3892 576 3941 its
598 3890 786 3956 merely
804 3893 1199 3958 post-Augustan
1222 3907 1334 3956 sup-

1436 2706 1566 2767 port.
1607 2700 1840 2751 Another
1852 2699 2249 2765 interpretation,
2262 2700 2446 2750 ‘readi-

1438 2782 1556 2818 ness
1578 2773 1633 2817 to
1655 2769 1828 2826 serve,’
1852 2767 1945 2816 has
1966 2767 2098 2816 been
2121 2768 2408 2830 suggested.

1504 2849 1540 2883 a
1574 2834 1701 2884 suis
1735 2832 2103 2896 aequalibus:
2140 2848 2227 2883 see
2254 2833 2444 2883 textual

1438 2907 1597 2950 notes.

1504 2967 1938 3016 numerabatur:
1993 2976 2084 3015 221
2098 2981 2115 3026 ;
2171 2965 2275 3014 like
2309 2964 2442 3028 Eng.

1438 3040 1594 3081 count
1623 3033 1726 3081 and
1760 3037 2010 3089 account,·
2054 3032 2132 3081 ad
2150 3033 2297 3081 Fam.
2324 3032 2368 3080 L
2389 3045 2439 3093 9.

1444 3098 1519 3157 18,
1543 3099 1744 3163 qualem
1777 3114 1856 3147 me
1885 3105 1935 3147 et
1960 3114 2058 3148 esse
2089 3105 2138 3148 et
2160 3099 2443 3148 numerari

1437 3165 1581 3220 volo:
1628 3166 1775 3214 Tusc.
1797 3165 1860 3215 V.
1889 3176 1964 3280 ῐέ.
1987 3178 2070 3226 44.

1502 3230 1845 3281 bonitatem:
1882 3245 1910 3280 c
1934 3265 1947 3280 .
1972 3230 2064 3279 Or'.
2085 3242 2167 3293 49.
2196 3229 2313 3293 1643
2361 3228 2440 3280 18.

1503 3362 1647 3412 dixi:
1687 3374 1802 3411 210.

1436 3492 1462 3543 f
1501 3437 1725 3543 ttamen:
1764 3429 1845 3477 i.e.
1867 3427 1921 3478 in
1949 3426 2078 3494 spite
2109 3425 2171 3477 ot'
2196 3426 2327 3477 their
2350 3427 2437 3477 de·

1458 3510 1517 3544 ec
1564 3530 1577 3543 .

1502 3560 1678 3610 alere:
1722 3559 1831 3609 126.

1502 3626 1773 3676 alicuius:
1812 3625 1877 3676 cf.
1903 3624 1981 3675 ad
1994 3626 2099 3677 Aet.
2136 3624 2234 3676 111.
2270 3635 2344 3692 15.
2370 3623 2426 3686 83

1437 3692 1526 3742 IV.
1551 3705 1596 3741 2.
1623 3705 1677 3752 2;
1720 3693 1830 3757 Juv.
1856 3692 1897 3741 1.
1926 3704 2004 3756 74.

1500 3755 1604 3813 62.
1641 3771 1753 3808 221.
1800 3759 2000 3819 Carbo,
2019 3757 2181 3808 called
2202 3758 2432 3808 Arvina.

1433 3825 1483 3874 A
1516 3823 1613 3874 few
1646 3831 1910 3874 sentences
1943 3825 2072 3874 from
2102 3840 2133 3872 a
2162 3824 2348 3889 speech
2381 3821 2445 3873 of

1433 3889 1513 3941 his
1535 3906 1620 3941 are
1640 3890 1792 3955 given
1815 3891 1867 3939 in
1899 3891 1991 3941 Or.
2015 3890 2095 3954 63.
2124 3902 2236 3954 213.
