2767 4334
1250 322 1538 373 BRUTUS.
2428 323 2489 376 17

285 492 493 558 clusio
527 488 709 554 nulla
740 495 920 565 erat;
952 498 1085 564 aut,
1121 485 1177 550 si
1208 487 1474 570 quando
1506 496 1665 562 erat,
1693 506 1828 550 non
1860 488 2219 570 apparebat
2252 509 2397 553 eam

283 596 510 662 dedita
556 611 755 676 opera
798 611 949 655 esse
998 589 1389 673 quaesitam.
1504 588 1696 672 Quae
1742 589 2022 654 forsitan
2074 591 2217 656 laus
2272 594 2359 657 sit
2384 615 2400 672 ;

281 721 512 766 verum
543 708 769 762 tamen
816 704 1054 759 natura
1094 694 1306 778 magis
1337 702 1483 757 tum
1516 715 1807 778 casuque
1849 716 1983 759 non
2018 717 2395 780 numquam,

283 808 459 870 haud
505 804 762 868 ratione
792 802 1010 885 aliqua
1040 810 1155 865 aut
1189 802 1654 866 observatione
1704 803 1921 868 fiebat.
2022 804 2177 886 Ipsa
2222 807 2398 870 e'nim
2430 838 2487 882 34

283 921 520 975 natura
551 909 1163 990 circumscriptione
1195 909 1475 992 quadam
1504 911 1856 973 verborum
1895 912 2397 994 comprehendit

282 1017 750 1099 concluditque
776 1015 1198 1092 sententiam,
1223 1036 1393 1100 quae
1418 1037 1569 1080 cum
1594 1017 1769 1099 aptis
1797 1016 2159 1081 constricta
2176 1017 2397 1081 verbis

282 1131 405 1197 est,
463 1121 638 1185 cadit
693 1119 894 1184 etiam
949 1119 1337 1204 plerumque
1391 1140 1759 1185 numerose.
1860 1120 2034 1184 Nam
2084 1130 2151 1185 et
2205 1141 2397 1185 aures

283 1226 467 1307 ipsae
512 1224 670 1307 quid
724 1223 1013 1307 plenum,
1064 1224 1220 1308 quid
1274 1224 1474 1288 inane
1529 1225 1615 1289 sit
1673 1225 1966 1289 iudicant
2029 1234 2097 1289 et
2159 1225 2396 1308 spiritu

279 1329 470 1412 quasi
516 1327 920 1393 necessitate
965 1328 1184 1412 aliqua
1228 1329 1579 1393 verborum
1629 1329 2133 1412 comprehensio
2178 1329 2398 1394 termi-

279 1443 516 1512 natur-3
562 1433 631 1496 in
663 1453 794 1516 quo
824 1452 959 1497 non
992 1434 1188 1496 modo
1219 1433 1433 1511 defici,
1472 1435 1590 1498 sed
1622 1433 1823 1499 etiam
1865 1433 2163 1499 laborare
2200 1442 2395 1516 turpe

278 1547 402 1603 est.
1120 1612 1121 1615 Ἴ
1471 1556 1482 1565 ‘

366 1644 542 1706 Tum
576 1641 702 1705 fuit
738 1641 974 1727 Lysias
1009 1642 1152 1724 ipse
1185 1641 1451 1725 quidem
1483 1641 1552 1705 in
1585 1641 1802 1706 causis
1834 1639 2214 1707 forensibus
2260 1663 2393 1706 non

276 1756 605 1823 versatuS,
630 1747 747 1811 sed
773 1746 1041 1829 egregie
1066 1746 1331 1810 subtilis
1354 1746 1640 1829 scriptor
1661 1756 1862 1830 atque
1882 1746 2172 1829 eleganS,
2194 1766 2391 1830 quem

279 1852 407 1914 iam
434 1870 638 1934 prope
664 1852 908 1914 audeas
933 1860 1263 1914 oratorem
1296 1849 1667 1933 perfectum
1693 1851 1927 1914 dicere.
1998 1850 2172 1914 Nam
2197 1850 2394 1932 plane

2419 1623 2458 1676 9

2424 1701 2482 1748 35

275 1999 557 2062 Quintilian
591 1998 757 2047 leaves
779 2005 867 2047 out
891 1997 977 2046 the
1004 1998 1282 2062 qualifying

275 2066 439 2124 word3
483 2080 566 2128 eg.
592 2065 741 2113 VIII.
767 2064 813 2113 6.
839 2064 926 2127 673
972 2064 1064 2112 IX.
1093 2078 1141 2126 4.
1165 2076 1246 2129 45.

345 2133 417 2180 ad
440 2144 745 2180 numerum
764 2151 812 2172 =
835 2130 1099 2193 rhythmic.

342 2196 667 2246 conclusio:
741 2196 795 2244 in
851 2196 1118 2245 rhetorical
1173 2196 1279 2245 lan-

272 2278 451 2326 guage,
475 2279 506 2311 a
530 2263 762 2327 periodic
784 2269 1062 2321 structure3
1105 2262 1278 2324 Quint.

276 2331 368 2378 IX.
416 2345 465 2392 4.
512 2342 592 2389 22,
636 2329 872 2392 περίοδον,
919 2344 1049 2391 quae
1093 2335 1163 2376 est
1204 2330 1286 2376 vel

274 2396 497 2444 ambitus
519 2396 602 2444 vel
618 2395 1026 2444 circumductum
1061 2395 1142 2442 vel
1167 2410 1278 2442 con·

272 2463 504 2510 tinuatio
526 2463 608 2510 vel
625 2462 886 2509 conclusio.

342 2528 531 2577 dedita
587 2541 837 2591 opera‚=
880 2530 894 2553 ‘
913 2526 1034 2574 with
1089 2526 1275 2590 special

274 2594 450 2643 effort.'
1251 2600 1262 2609 “

341 2674 518 2723 quae:
578 2657 817 2708 attracted
874 2658 927 2706 in
983 2659 1173 2720 gender
1222 2665 1274 2706 to

274 2728 416 2775 laus.

340 2792 496 2841 laus:
536 2791 612 2839 for
635 2791 720 2839 the
749 2791 988 2852 meaning
1018 2791 1184 2849 merit,
1209 2790 1271 2838 cf.

278 2870 395 2917 1123
445 2870 560 2920 1333
609 2870 726 2918 1403
783 2856 901 2920 2583
953 2856 1100 2918 Verg.
1143 2858 1272 2905 Aen.

273 2924 462 2986 1.461;
505 2924 566 2972 V.
603 2935 713 2988 355.

340 3003 420 3052 34.
467 2989 1015 3053 circumscriptione:
1065 2989 1154 3037 Or.
1193 2988 1271 3037 61.

273 3070 388 3116 204,
461 3057 521 3104 in
584 3056 833 3104 circuitu‘
877 3056 964 3103 illo
1023 3054 1273 3102 orationis

271 3138 418 3186 quem
446 3123 632 3170 Graeci
653 3121 892 3184 περίοδον,
918 3136 1005 3168 nos
1027 3127 1136 3168 tum
1162 3136 1270 3167 am-

269 3189 452 3246 bitum,
476 3195 585 3236 tum
611 3188 907 3245 circuitum,
924 3193 1033 3233 tum
1058 3193 1272 3249 compre-

267 3255 560 3302 hensionem
592 3260 690 3301 aut
709 3253 1142 3301 continuationem
1179 3259 1275 3299 aut

268 3320 794 3383 circumscriptionem
854 3318 1077 3366 dicimus
1099 3334 1122 3374 ,·
1182 3316 1262 3365 61.

269 3398 398 3449 207:
437 3386 500 3433 cs.
526 3398 605 3447 33.
630 3400 679 3433 n.

335 3451 514 3501 cadit:
587 3453 676 3499 Or.
726 3463 802 3514 50.
850 3449 958 3507 168,
998 3466 1113 3497 cum
1161 3457 1272 3512 apte

265 3518 423 3567 verba
453 3517 741 3565 cecidissent
750 3533 770 3574 ,·
804 3530 886 3577 44.
918 3529 1032 3577 1493
1076 3515 1178 3563 and
1207 3515 1270 3563 cf.

265 3585 355 3633 the
381 3583 508 3645 Eng.
531 3583 757 3631 cadence.

333 3664 530 3699 aures:
578 3650 668 3698 Or.
694 3660 770 3713 53.
802 3660 909 3711 177,
944 3664 1096 3696 aures
1129 3648 1269 3696 enim

264 3716 353 3765 vel
380 3717 598 3764 animus
632 3716 852 3763 aurium
890 3715 1077 3762 nuntio
1118 3720 1269 3762 natu-

266 3782 434 3830 ralem
460 3781 725 3846 quandam
764 3781 824 3828 in
859 3796 908 3828 se
941 3780 1165 3828 continet
1187 3796 1269 3827 vo·

265 3864 384 3896 cum
418 3850 654 3897 omnium
689 3847 1015 3895 mensionem.
1083 3845 1159 3894 Cf.
1185 3844 1270 3893 the

1381 2005 1558 2061 strong
1590 1998 1710 2047 drift
1745 1998 1934 2046 toward
1973 1997 2174 2060 rhythm
2207 1997 2259 2046 in
2295 1999 2379 2047 the

1383 2064 1516 2127 early
1554 2063 1808 2112 literature
1848 2063 1907 2111 of
1945 2079 1977 2112 a
2015 2063 2220 2128 people;
2280 2064 2380 2112 and

1382 2130 1468 2179 the
1503 2130 1750 2192 tendency
1784 2128 1844 2178 of
1877 2129 2144 2178 cultivated
2179 2130 2380 2194 speech,

1381 2196 1529 2245 when
1551 2195 1906 2260 impassioned,
1929 2211 2014 2259 eg.
2038 2195 2092 2244 in
2112 2195 2381 2244 Theodore

1384 2263 1613 2311 Parker’s
1636 2261 1994 2311 denunciation
2018 2261 2077 2310 of
2092 2277 2210 2311 war.

1447 2328 1679 2392 spiritu:
1718 2327 1781 2378 cf.
1806 2327 1864 2376 de
1893 2328 1983 2376 Or.
2007 2327 2107 2376 ΙΙΙ.
2130 2340 2212 2391 47.
2240 2326 2350 2376 182.

1446 2394 1504 2442 in
1528 2407 1677 2456 quo:
1711 2409 1776 2443 sc.
1801 2393 2019 2458 spiritu.

1445 2460 1635 2509 defici:
1675 2459 1752 2508 for
1776 2475 1924 2524 pass,
1950 2458 2013 2508 cf.
2028 2466 2129 2524 pro
2160 2459 2272 2508 Clu.
2297 2459 2377 2524 65.

1383 2525 1491 2586 184,
1528 2527 1720 2575 mulier
1744 2562 1756 2574 .
1783 2562 1795 2574 .
1821 2562 1834 2575 .
1857 2526 2065 2573 consilio
2098 2531 2148 2574 et
2177 2527 2379 2574 ratione

1376 2592 1645 2656 deficitur:
1694 2591 1866 2654 Quint.
1907 2593 1971 2640 X.
2019 2603 2059 2639 1.
2104 2603 2190 2656 53;
2252 2591 2374 2639 Plin.

1378 2659 1475 2721 Ep.
1503 2659 1572 2706 ΙΙ.
1604 2670 1677 2721 17.
1704 2669 1781 2722 25.
1854 2657 1922 2706 In
1950 2657 1993 2705 is
2022 2656 2233 2706 unusual
2256 2657 2377 2704 with

1377 2724 1567 2773 defici:
1607 2723 1683 2772 for
1708 2723 1766 2772 in
1791 2723 1909 2772 with
1932 2722 2198 2782 laborare,
2217 2722 2281 2772 cf.
2306 2724 2380 2770 ad

1375 2792 1478 2837 Att.
1504 2790 1593 2839 IV.
1624 2802 1667 2838 1.
1692 2802 1737 2852 3.

1442 2853 1503 2906 9.
1555 2867 1633 2920 35.
1671 2855 1906 2917 Lysiam
1946 2853 2008 2904 cf.
2033 2855 2097 2917 63
2120 2870 2193 2919 sq.

1442 2935 1559 2970 non
1582 2930 1872 2970 versatus:
1912 2920 1975 2969 he
2001 2920 2255 2970 delivered
2287 2921 2376 2969 but

1374 3004 1475 3035 one
1532 2988 1728 3036 oration
1784 2987 1839 3035 in
1895 2993 2053 3046 court,
2110 2998 2209 3036 B.C.
2260 2999 2375 3050 403,

1375 3054 1569 3116 against
1596 3053 1967 3102 Eratosthenes

1440 3119 1696 3168 subtilis:
1747 3118 1809 3167 cf.
1846 3118 1905 3166 de
1935 3119 2024 3167 Or.
2054 3119 2156 3167 ΙΙΙ.
2198 3131 2240 3182 7.
2279 3118 2365 3178 283

1381 3186 1471 3236 Or.
1512 3198 1559 3246 9.
1602 3198 1689 3247 303
1739 3184 1910 3247 Quint.
1952 3185 2015 3233 X.
2065 3197 2103 3232 1.
2149 3184 2237 3248 78:
2290 3185 2375 3233 the

1373 3252 1769 3315 accompanying
1823 3250 1919 3314 adj.
1966 3251 2134 3314 points
2187 3257 2237 3299 to
2290 3251 2374 3299 the

1371 3317 1610 3379 meaning
1626 3317 1759 3383 fine,
1788 3317 1955 3365 rather
1979 3316 2099 3365 than
2123 3317 2344 3381 ‘precise
2360 3319 2373 3341 ’

1373 3399 1430 3431 or
1455 3387 1469 3410 ‘
1486 3383 1812 3442 unadorned,'
1835 3382 1993 3431 —the
2028 3383 2169 3432 three
2202 3398 2372 3431 mean-

1373 3449 1489 3511 ings
1513 3449 1791 3513 developed
1825 3448 1955 3497 from
1970 3449 2142 3515 finely
2162 3465 2333 3497 woven
2350 3465 2372 3504 ,-

1373 3530 1459 3564 see
1482 3515 1702 3563 Wilkins
1724 3531 1792 3563 on
1815 3515 1873 3563 de
1898 3515 1990 3564 Or.
2015 3515 2058 3564 1.
2084 3525 2131 3579 5.
2165 3527 2240 3578 17.
2304 3514 2373 3563 So

1374 3581 1460 3630 the
1492 3581 1745 3630 subtilitas
1774 3580 1834 3629 of
1864 3580 2037 3643 Lysias
2063 3580 2108 3629 is
2136 3596 2201 3628 an
2233 3580 2372 3629 artis·

1372 3647 1440 3695 tic
1457 3646 1556 3695 and
1580 3645 1805 3709 graceful
1825 3646 2094 3710 plainneSS.
2128 3647 2203 3696 Cf.
2220 3646 2372 3695 wilk.

1372 3712 1565 3761 Introd.
1590 3713 1652 3761 de
1680 3715 1784 3772 Or„
1808 3728 1894 3777 pp.
1920 3725 2001 3775 32,
2022 3725 2103 3772 41.

1437 3793 1602 3828 nam:
1646 3777 1760 3842 (the
1785 3786 1901 3827 next
1934 3794 2081 3826 name
2113 3778 2269 3826 needs
2304 3794 2372 3826 no

1372 3844 1498 3893 such
1520 3845 1708 3893 stinted
1731 3843 1923 3909 praise)
1937 3844 2050 3909 sor,
2075 3850 2167 3892 etc.
