2767 4334
1318 433 1607 484 BRUTUS.
2531 433 2561 486 7

353 595 560 661 erexit
607 606 973 682 posteaque
1016 617 1372 681 prosperae
1420 586 1526 662 res'
1572 599 1888 683 deinceps
1941 598 2192 664 multae
2245 621 2471 667 conse·

354 711 548 766 cutae
604 711 779 778 sunt,
838 701 933 766 sic
979 711 1138 785 post
1193 723 1415 766 rerum
1464 692 1862 767 nostrarum
1896 712 1964 768 et
2019 705 2468 768 communium

352 805 780 891 gravissimos
815 826 1010 870 casus
1041 807 1206 869 nihil
1253 817 1413 872 ante
1458 807 1812 889 epistulam
1861 808 2048 871 Bruti
2096 807 2260 871 mihi
2308 808 2471 872 acci-

353 913 448 975 dit
492 912 668 994 quod
713 910 948 974 vellem
998 921 1110 973 aut
1157 913 1332 994 quod
1365 912 1583 995 aliqua
1628 933 1708 975 ex
1752 921 1940 994 parte
1988 912 2469 976 sollicitudines

354 1016 686 1079 adlevaret
722 1014 946 1078 meas'

1029 1016 1202 1078 Tum
1239 1017 1504 1092 BrutuS‚
1544 1015 1777 1079 ‘Volui
1811 1016 1876 1079 id
1908 1004 2172 1099 quidem
2209 1016 2470 1080 efficere
2506 1044 2558 1090 13

352 1130 534 1184 certe
581 1130 649 1183 et
698 1118 886 1201 capio
934 1139 1248 1202 magnum
1294 1118 1607 1196 fructum,
1655 1121 1710 1182 si
1756 1120 2022 1203 quidem
2070 1122 2245 1203 quod
2293 1122 2469 1184 volui

353 1233 542 1288 tanta
574 1224 642 1286 in
676 1244 747 1287 re
778 1233 1178 1288 consecutus
1226 1245 1372 1287 sum
1401 1245 1414 1301 ;
1462 1226 1578 1288 sed
1613 1224 1780 1287 scire
1814 1225 2006 1306 cupio
2040 1246 2207 1307 quae
2238 1235 2307 1288 te
2348 1226 2471 1289 At-

353 1329 470 1393 tici
504 1329 764 1391 litterae
798 1328 1316 1392 delectaverint.'

1415 1329 1633 1392 ‘Istae
1659 1328 1853 1404 ver0,'
1884 1329 2170 1413 inquam,
2205 1337 2221 1364 ‘
2242 1332 2464 1406 Brute,

354 1454 487 1496 non
521 1434 717 1496 modo
750 1433 1262 1497 delectationem
1297 1433 1478 1508 mihi,
1515 1434 1631 1496 sed
1678 1433 1897 1509 etiam,
1934 1444 2007 1497 ut
2046 1424 2268 1517 spem,
2305 1436 2471 1498 salu-

353 1547 489 1601 tem
523 1535 933 1600 attulerunt.'
1017 1544 1032 1571 ⁴
1057 1537 1357 1601 Salutem
1382 1536 1439 1599 ?'
1483 1537 1696 1620 inquit
1730 1538 1838 1602 ille
1869 1559 1883 1615 ;
1916 1541 2294 1621 ·‘quodnam
2330 1550 2471 1603 tan-

352 1644 502 1706 dem
537 1662 749 1725 genus
783 1628 956 1705 istuc
989 1651 1122 1704 tam
1156 1642 1566 1724 praeclarum
1599 1642 1967 1714 litterarum
2010 1643 2136 1706 fuit
2162 1643 2219 1706 ?’

2317 1644 2466 1706 ‘An

353 1747 513 1809 mihi
547 1745 804 1828 potuit,²
840 1746 1128 1828 inquam,
1170 1753 1353 1810 ‘esse
1401 1756 1513 1809 aut
1559 1746 1810 1829 gratior
1842 1747 1975 1810 ulla
2007 1748 2317 1811 salutatio
2356 1759 2466 1812 aut

353 1852 433 1914 ad
466 1852 592 1924 hoc
624 1860 890 1932 tempus
923 1850 1142 1932 aptior
1172 1871 1368 1932 quam
1404 1850 1581 1914 illius
1614 1850 1782 1927 libri,
1817 1871 1948 1935 quo
1990 1872 2096 1915 me
2143 1852 2250 1916 hic
2296 1851 2470 1917 adfa-

353 1965 463 2019 tus
496 1955 684 2038 quasi
716 1954 1045 2019 iacentem
1079 1955 1394 2018 excitavit
1418 1954 1477 2017 ?’

441 2061 616 2123 Tum
650 2058 776 2133 ille,
817 2065 833 2093 ‘
854 2059 1117 2141 Nempe
1150 2079 1301 2123 eum
1334 2058 1542 2135 dicis,’
1578 2059 1811 2143 inquit,
1844 2067 2010 2143 ‘quo
2043 2060 2170 2124 iste
2204 2082 2468 2126 omnem
2504 2091 2558 2135 14

355 2184 575 2227 rerum
623 2163 1006 2226 memoriam
1051 2163 1342 2227 breviter
1374 2173 1460 2239 et,
1497 2173 1569 2227 ut
1602 2164 1766 2227 mihi
1799 2164 2065 2247 quidem
2096 2165 2308 2229 visum
2343 2175 2464 2242 est,

354 2268 832 2350 perdiligenter
869 2268 1251 2349 complexus
1299 2277 1404 2331 est
1429 2267 1487 2330 ?’

1584 2275 1600 2302 ‘
1624 2269 1838 2331 Istum
1887 2269 2144 2361 ipsum,'
2180 2271 2465 2353 inquam,

358 2374 620 2449 ‘Brute,
668 2372 816 2436 dico
863 2371 1104 2435 librum
1152 2372 1315 2435 mihi
1363 2372 1563 2436 saluti
1608 2352 2128 2445 fuissesss'il'l'um
2174 2374 2465 2451 Atticus,
2493 2384 2531 2438 4

359 2476 913 2561 ‘Optatissimum
965 2475 1128 2539 mihi
1178 2477 1446 2561 quidem
1496 2486 1600 2541 est
1651 2479 1826 2560 quod
1874 2477 2081 2556 dicis3
2147 2481 2264 2543 sed
2313 2481 2467 2565 quid

427 2707 499 2758 13.
535 2695 696 2755 istae,
733 2694 909 2745 istuc:
969 2695 1028 2743 os
1055 2694 1220 2744 which
1253 2710 1354 2759 you

354 2777 378 2810 s
415 2762 525 2810 eak.

379 2778 522 2876 pari:
561 2834 650 2877 not
674 2826 797 2876 used
831 2827 883 2875 in
918 2843 949 2875 a
981 2826 1159 2891 simple
1197 2827 1355 2876 direct

354 2894 599 2959 question.
665 2894 777 2942 The
810 2895 1110 2957 suppressed
1144 2893 1353 2941 alterna-

353 2961 452 3009 tive
493 2975 605 3022 may
651 2959 1054 3008 here=‘Think
1095 2975 1195 3022 you
1234 2960 1355 3008 so?'

361 3028 450 3084 Or,
477 3037 597 3075 etc.:
627 3026 876 3084 translate,
916 3026 1082 3089 Why!

420 3093 713 3142 salutatio:
749 3091 906 3154 rarely
925 3107 1097 3139 means
1117 3107 1146 3139 a
1158 3090 1356 3139 written

351 3159 591 3221 greeting‚
616 3174 688 3217 or,
713 3173 768 3206 as
800 3158 935 3217 here,
959 3173 989 3205 a
1014 3157 1190 3205 formal
1222 3158 1356 3206 dedi-

351 3225 519 3272 cation
553 3223 611 3272 of
640 3240 671 3272 a
706 3224 867 3283 book3
909 3224 1121 3286 adroitly
1145 3224 1268 3272 used
1303 3230 1355 3271 to

350 3292 655 3355 correspond
680 3291 800 3340 with
826 3291 1085 3339 salutem.

416 3357 571 3406 libri:
621 3357 814 3405 Atticus
863 3356 981 3420 (19)
1025 3371 1127 3403 was
1167 3354 1355 3405 incited

351 3423 416 3484 by
462 3423 681 3472 Cicero's
728 3424 790 3471 de
837 3423 1113 3485 Republica
1164 3429 1217 3469 to
1269 3423 1354 3471 the

349 3489 549 3551 writing
571 3488 628 3537 of
657 3490 736 3538 his
768 3489 1011 3547 Annalis,
1036 3488 1200 3536 which
1237 3504 1354 3536 con-

349 3555 520 3603 tained
560 3572 626 3604 an
668 3556 887 3620 epitome
930 3554 988 3603 of
1023 3555 1221 3603 Roman
1257 3554 1354 3602 his·

349 3629 476 3683 tory,
510 3623 612 3671 and
634 3637 736 3671 was
774 3621 1039 3671 dedicated
1075 3628 1126 3668 to
1161 3621 1351 3668 Cicero.

348 3687 434 3734 No
457 3695 568 3752 part
591 3688 650 3736 of
678 3688 714 3736 it
744 3688 785 3736 is
811 3693 994 3736 extant.
1064 3686 1139 3735 Cf.
1163 3687 1354 3750 Nepos,

347 3755 452 3801 Att.
518 3753 593 3808 18,
655 3756 1083 3819 antiquitatisque
1137 3760 1354 3811 amator,

349 3835 506 3883 quam
542 3820 662 3868 adeo
684 3821 955 3882 diligenter
974 3819 1157 3867 habuit
1190 3820 1354 3881 cogni·

348 3892 472 3943 tam,
499 3892 558 3934 ut
587 3902 696 3934 earn
732 3893 884 3934 totam
919 3885 979 3933 in
1014 3901 1066 3933 eo
1095 3885 1356 3932 volumine

347 3953 649 4016 exposuerit,
666 3968 762 4016 quo
781 3951 1113 4016 magistratus
1128 3952 1350 3999 ornavit.

1454 2695 1622 2745 Nulla
1658 2697 1796 2745 enim
1832 2696 1928 2756 lex,
1955 2713 2116 2761 neque
2140 2703 2268 2760 pax,
2298 2714 2457 2762 neque

1458 2762 1654 2821 bellum,
1676 2766 1836 2826 neq'ue
1854 2779 1932 2810 res
1956 2764 2177 2811 illustris
2198 2771 2267 2811 est
2276 2766 2457 2827 populi

1457 2828 1701 2887 Romani,
1721 2844 1851 2892 quae
1870 2844 1971 2876 non
1992 2829 2052 2876 in
2071 2846 2122 2877 eo
2138 2845 2226 2877 suo
2243 2837 2458 2893 tempore

1458 2896 1527 2942 sit
1564 2901 1736 2941 notata
1757 2910 1776 2942 .·
1828 2901 1886 2952 et,
1928 2895 2065 2959 quod
2097 2894 2455 2960 difficillimum

1444 2960 1575 3025 suit,
1600 2961 1671 3007 sic
1690 2960 2039 3025 familiarum
2065 2963 2315 3023 originem
2347 2963 2456 3009 sub-

1457 3027 1636 3084 texuit,
1664 3033 1722 3073 ut
1748 3043 1810 3075 ex
1842 3042 1895 3073 eo
1925 3027 2184 3074 clarorum
2217 3030 2455 3076 virorum

1447 3094 1757 3155 propagines
1772 3093 2024 3155 possimus
2047 3108 2340 3156 cognoscere.

1530 3170 1600 3219 14.
1638 3172 1804 3207 eum:
1841 3173 1908 3206 sc.
1935 3159 2155 3207 librum.

1523 3238 1740 3273 rerum:
1768 3224 1900 3288 Jahn
1924 3225 2102 3273 inserts
2120 3234 2456 3286 nostrarum,

1445 3290 1751 3353 comparing
1778 3303 1836 3352 19
1862 3292 1961 3339 and
1986 3305 2065 3352 44.
2136 3293 2234 3340 But
2258 3309 2340 3341 see
2367 3295 2455 3341 Or.

1458 3369 1535 3418 34.
1557 3369 1665 3416 120,
1684 3358 1849 3405 where
1868 3358 1952 3406 the
1971 3357 2109 3405 work
2129 3358 2187 3405 of
2203 3359 2397 3407 Atticus
2415 3360 2457 3406 is

1457 3423 1651 3486 spoken
1671 3422 1729 3471 of
1746 3438 1801 3470 as
1824 3424 2060 3486 omitting
2085 3425 2227 3472 nihil
2241 3426 2459 3473 inlustre

1457 3503 1642 3551 among
1681 3489 1766 3537 the
1806 3490 2049 3555 powerful
2091 3490 2360 3552 neighbors
2406 3491 2462 3538 of

1459 3556 1635 3603 Rome.

1521 3618 1582 3673 4.
1631 3621 2086 3684 optatissimum:
2124 3623 2260 3671 ‘The
2293 3621 2455 3686 adjec-

1456 3687 1555 3735 tive
1578 3687 1621 3735 is
1645 3703 1674 3735 a
1696 3688 1956 3752 participle
1982 3696 2031 3736 at
2056 3696 2168 3748 rest,
2193 3689 2278 3737 the
2305 3690 2454 3752 parti·

1457 3753 1586 3816 ciple
1612 3754 1653 3800 is
1677 3769 1740 3801 an
1767 3753 2008 3816 adjective
2043 3755 2098 3802 in
2133 3754 2340 3803 motion.
2366 3791 2378 3803 .
2404 3792 2416 3803 .
2443 3792 2455 3804 .

1454 3819 1563 3867 The
1609 3819 1876 3868 difference
1922 3821 2149 3869 between
2197 3821 2457 3885 participle

1456 3886 1557 3933 and
1586 3885 1827 3947 adjective
1862 3886 1904 3934 is
1935 3893 1985 3934 at
2019 3886 2081 3935 its
2111 3887 2287 3948 height
2311 3886 2454 3934 when

1456 3951 1541 3999 the
1586 3950 1847 4015 participle
1888 3951 2097 4000 denotes
2143 3951 2453 4015 progressive
