2767 4334
1241 373 1532 425 BRUTUS.
2392 372 2483 425 131

276 536 476 623 loqui,
525 546 601 606 ut
646 537 809 603 mihi
856 536 1242 624 imprudens
1294 538 1390 601 M.
1441 537 1796 602 Servilium
1850 537 2251 622 praeterisse
2294 538 2384 602 vi-

276 635 516 708 deare!
632 641 864 719 ‘Non,'
915 642 1204 726 inquam,
1258 649 1274 678 ‘
1298 660 1426 725 ego
1485 642 1659 706 istuc
1719 642 1972 727 ignom,
2032 641 2368 725 Pomponi,
2400 622 2487 748 ἐξ

278 750 524 815 multos
547 749 776 827 fuisse,
803 749 917 834 qui
941 751 1219 815 verbum
1244 770 1606 834 numquam
1633 751 1702 814 in
1734 751 1999 833 publico
2031 750 2377 828 fecissent,

278 876 431 920 curn
446 853 715 952 *melius
760 853 1100 938 aliquanto
1145 864 1425 937 possent
1471 874 1670 938 quam
1717 854 1830 918 isti
1874 864 2171 919 oratores
2213 874 2380 938 quos

278 922 542 1043 conTigo
573 958 826 1037 dicere3
873 959 991 1023 sed
1037 959 1142 1024 his
1189 958 1787 1024 commemorandis
1826 960 2029 1023 etiam
2072 957 2233 1022 illud
2274 959 2358 1022 ad

278 1070 536 1148 sequor,
587 1072 662 1127 ut
706 1061 1114 1147 intellegatis
1167 1063 1455 1147 primum
1503 1083 1585 1127 ex
1631 1063 1811 1126 omni
1858 1083 2136 1128 numero
2182 1083 2377 1147 quam

274 1189 411 1233 non
474 1167 667 1232 multi
725 1167 869 1232 ausi
930 1167 1066 1232 sint
1118 1167 1358 1245 dicere,
1408 1168 1653 1233 deinde
1700 1187 1780 1232 ex
1826 1167 1922 1232 eis
1967 1167 2131 1251 ipsis
2183 1187 2379 1251 quam

273 1271 469 1357 pauci
495 1269 744 1336 fuerint
776 1271 968 1336 laude
999 1272 1201 1356 digni.
1276 1273 1513 1356 Itaque
1545 1292 1631 1337 ne
1663 1272 1787 1336 hos
1819 1272 2085 1356 quidem
2118 1271 2376 1355 equites
2397 1298 2480 1344 271
2526 1266 2533 1273 ’

276 1379 642 1454 Romanos,
676 1372 924 1441 amicos
962 1386 1247 1454 nostrOS,
1278 1375 1396 1460 'qui
1441 1396 1653 1460 nuper
1696 1376 1941 1441 mortui
1986 1384 2161 1453 sunt,
2196 1375 2381 1440 omit-

275 1491 433 1559 tam,
479 1483 544 1546 P.
600 1480 981 1545 Cominium
1032 1479 1653 1564 Spoletinum,·quo
1698 1488 2058 1545 accusante
2104 1479 2377 1544 defendi

276 1586 353 1651 C.
404 1584 808 1661 Cornelium,
842 1584 910 1649 in
957 1605 1089 1668 quo
1135 1593 1202 1648 et
1250 1571 1692 1667 compositum
1738 1582 2003 1649 dicendi
2047 1604 2264 1667 genus
2310 1592 2378 1648 et

274 1710 428 1755 acre
475 1698 545 1754 et
591 1688 975 1772 expeditum
1020 1688 1191 1766 fuit3
1237 1688 1315 1753 T.
1351 1687 1637 1752 Accium
1672 1688 2155 1765 Pisaurensem,
2191 1687 2379 1752 cuius

274 1792 682 1859 accusationi
726 1792 1040 1876 respondi
1085 1812 1205 1874 pro
1250 1791 1337 1857 A.
1376 1791 1730 1870 Cluenti03
1790 1791 1903 1876 qui
1927 1800 2016 1855 ·et
2062 1792 2377 1856 adcurate

275 1896 540 1964 dicebat
579 1905 647 1962 et
691 1896 855 1961 satis
898 1896 1183 1979 copiose,
1218 1905 1492 1979 eratque
1538 1904 1882 1979 praeterea
1926 1896 2163 1972 doctus
2210 1896 2382 1960 Her-

275 2021 585 2086 magorae
644 2000 1033 2084 praeceptiS,
1082 2000 1323 2084 quibus
1377 2000 1507 2064 etsi
1567 2010 1959 2064 ornamenta
2007 2021 2153 2065 non
2215 2000 2379 2065 satis

276 2106 497 2189 opima
553 2104 837 2180 dicendi,
886 2112 1132 2181 tamen,
1183 2113 1256 2169 ut
1317 2104 1552 2169 hastae
1598 2104 1912 2170 velitibus
1973 2114 2372 2182 amentatae,

278 2210 373 2275 sic
404 2218 561 2293 apta
590 2208 915 2293 quaedam
948 2217 1017 2273 et
1049 2216 1279 2292 parata
1317 2208 1599 2292 singulis
1637 2230 1982 2273 causarum
2019 2210 2381 2293 generibus

276 2321 670 2398 argumenta
692 2313 1063 2377 traduntur.
1132 2313 1371 2378 Studio
1396 2322 1619 2376 autem
1645 2312 1982 2376 neminem
2007 2334 2133 2378 nec
2158 2313 2380 2378 indus·
2396 2342 2485 2387 272

277 2418 406 2482 tria
436 2417 683 2481 maiore
725 2416 1026 2501 cognovi,
1060 2437 1460 2501 quamquam
1507 2437 1593 2481 ne
1640 2416 1909 2501 ingenio
1954 2418 2222 2501 quidem
2268 2417 2380 2501 qui

278 2521 686 2606 praestiterit
707 2520 905 2586 facile
928 2521 1205 2586 dixerim
1228 2521 1300 2587 C.
1328 2521 1570 2598 Pisoni,
1595 2541 1844 2605 genero
1868 2542 2037 2587 meo,
2102 2521 2380 2586 Nullum

279 2637 547 2710 tempus
579 2625 676 2689 illi
706 2646 1019 2710 umquam
1050 2626 1327 2691 vacabat
1360 2636 1474 2689 aut
1505 2646 1545 2689 a
1574 2625 1826 2690 forensi
1867 2625 2159 2690 dictione
2196 2635 2311 2689 aut
2343 2646 2384 2690 a

281 2729 846 2798 commentatione
892 2730 1260 2795 domestica
1303 2739 1421 2795 aut
1467 2750 1508 2794 a
1552 2730 1905 2795 scribendo
1965 2740 2080 2794 aut
2127 2750 2166 2794 a
2212 2729 2384 2815 cogi·

281 2956 383 3009 and
403 2956 579 3024 speak,
582 2954 596 2983 ⁹
624 2953 680 3007 in
709 2967 740 3007 a
772 2955 1015 3022 slip-shod
1041 2971 1175 3020 way3
1218 2957 1282 3008 cf.
1454 2956 1666 3023 opima,
1684 2957 1833 3007 rich.-
1859 2963 1950 3007 not
1961 2971 2120 3022 grass,
2138 2971 2194 3008 as
2215 2957 2270 3008 in
2295 2958 2385 3009 Or.

283 3025 411 3075 Hor.
454 3024 562 3074 Sat.
600 3023 730 3084 1.4.
773 3034 847 3082 10,
884 3028 1025 3072 stans
1056 3024 1182 3087 pede
1221 3024 1282 3073 in

281 3106 423 3139 uno.-
478 3089 557 3139 for
592 3088 679 3138 the
714 3088 992 3154 participial
1030 3096 1282 3139 construc-

280 3157 402 3217 tion,
437 3154 501 3204 cf.
535 3167 648 3218 310.

347 3223 427 3272 im
471 3221 714 3272 rudens:
753 3220 818 3270 cf.
843 3220 972 3270 Hor.
999 3221 1106 3271 Sat.
1131 3221 1175 3271 1.
1204 3233 1281 3271 10.

278 3288 359 3350 88,
456 3295 551 3338 ctos
590 3303 672 3351 ego
707 3302 830 3352 quos
862 3292 910 3337 et
937 3288 1125 3336 amicos
1151 3295 1283 3352 pru-

279 3357 401 3406 dens
425 3361 710 3420 praetereo.

347 3420 448 3478 ⁷8.
491 3433 603 3486 270.
652 3433 803 3479 cum,
828 3418 1078 3484 although.

346 3502 377 3538 2
417 3502 458 3539 1.
485 3493 816 3539 accusante.
834 3485 1084 3535 Asconius
1100 3481 1284 3549 speaks

279 3553 339 3605 of
414 3571 444 3606 e
471 3555 670 3606 oration
691 3554 750 3604 of
768 3552 1025 3602 Cominius
1046 3567 1102 3601 as
1123 3552 1285 3603 worth

278 3623 527 3673 attention
545 3628 761 3688 propter
782 3628 933 3671 semet
953 3622 1132 3684 ipsam.

344 3690 768 3769 compositum.
820 3690 856 3738 i.
858 3705 897 3738 e.
932 3688 1049 3737 well
1075 3691 1167 3751 put
1210 3689 1288 3733 to·

279 3757 484 3822 gether,
506 3756 684 3821 Quint.
700 3755 817 3804 VII.
840 3767 915 3804 10.
937 3765 1019 3818 173
1051 3754 1094 3802 1.
1106 3754 1227 3802 Pro.
1238 3750 1285 3800 8.

347 3822 650 3888 respondi·
689 3820 883 3871 1³.c.66
910 3834 1016 3869 was
1050 3819 1135 3868 the
1170 3818 1287 3867 date

283 3886 344 3941 of
357 3888 577 3942 Cicero’s
599 3885 889 3940 celebrated
908 3885 1124 3937 oration.

1389 3021 1437 3073 8.
1468 3035 1499 3072 2

1455 3034 1566 3155 2752.
1602 3088 1844 3140 maiore:
1876 3088 1963 3139 the
1986 3087 2217 3140 defen-ed
2239 3105 2387 3140 name

1385 3156 1432 3205 is
1454 3162 1544 3221 put
1567 3155 1688 3205 with
1712 3155 2053 3220 praestiterit
2074 3155 2129 3205 in
2153 3156 2254 3205 dat.

1455 3235 1696 3285 genero.
1718 3222 1899 3285 agood
1912 3236 2025 3270 son·
2007 3221 2097 3271 -in·
2079 3222 2215 3282 -law3
2238 3221 2387 3271 when

1388 3295 1618 3356 quaestor,
1641 3299 1739 3338 Re.
1765 3286 1842 3354 58,
1867 3288 1933 3337 he
1967 3288 2054 3338 did
2088 3287 2167 3336 his
2186 3287 2301 3337 best
2334 3293 2387 3336 to

1370 3365 1599 3419 procure
1616 3354 1808 3404 Cicero’
1809 3370 1834 3403 s
1850 3354 2016 3415 recall,
2029 3352 2195 3404 which
2212 3354 2278 3403 he
2300 3353 2389 3403 did

1387 3425 1479 3469 not
1500 3420 1598 3471 live
1620 3427 1674 3470 to
1697 3436 1806 3481 see3
1848 3420 2080 3470 adFam.
2095 3420 2237 3470 XIV.
2262 3432 2304 3469 1.
2322 3434 2378 3480 4,

1389 3485 1532 3536 XIV.
1572 3499 1617 3536 2.
1660 3500 1718 3548 23
1745 3458 1848 3551 ῥυ
1888 3486 2006 3536 Sest.
2047 3498 2127 3550 31.
2166 3485 2248 3546 68,
2269 3487 2389 3535 Piso

1392 3552 1491 3612 ille,
1518 3568 1680 3618 gener
1713 3568 1865 3612 meus,
1899 3553 1987 3601 cui
2006 3553 2247 3618 fructum
2274 3552 2389 3616 pie·

1390 3619 1511 3667 tatis
1532 3635 1657 3668 suae
1679 3634 1839 3683 neque
1860 3634 1923 3667 ex
1940 3634 2017 3666 me
2040 3634 2201 3683 neque
2222 3635 2256 3666 a
2268 3624 2390 3683 pop-

1395 3684 1477 3732 ulo
1499 3685 1733 3734 Romano
1752 3685 1906 3751 serre
1928 3685 2092 3744 licuit,
2116 3701 2149 3733 a
2167 3684 2388 3748 propin-

1393 3767 1488 3815 quo
1520 3766 1611 3800 suo
1641 3766 1866 3800 socerum
1898 3766 2052 3799 suum
2068 3750 2388 3829 flagitabat,-

1394 3817 1570 3866 0mm'a
1591 3823 1794 3867 senatus
1818 3816 2070 3876 reiciebat,
2096 3816 2204 3865 nisi
2225 3815 2285 3865 de
2312 3831 2390 3865 me

1395 3883 1638 3947 primum
1673 3883 1896 3934 consules
1923 3881 2267 3939 rettulissent:
2301 3881 2389 3931 the
