2767 4334
259 351 356 404 1⁶2

257 1851 330 1907 9⁷

256 1932 341 1979 331

1225 349 1494 400 CICERO.

361 535 612 592 sumuS,
647 514 827 579 domi
859 523 1210 579 teneamus
1240 534 1388 578 eam
1422 523 1732 628 saeptam
1754 514 2008 582 liberali
2039 516 2359 593 custodia,
2396 526 2465 581 et

360 621 483 684 hos
530 619 795 703 ignotos
841 627 1043 703 atque
1083 618 1493 702 impudentis
1529 595 1766 702 procos
1806 589 2249 703 repudiemuS,
2285 630 2469 684 tuea-

359 743 639 808 murque
686 732 761 788 ut
805 722 1100 788 adultam
1131 723 1465 807 virginem
1513 731 1699 788 caste
1731 732 1800 787 et
1831 723 1915 787 ab
1947 733 2316 788 amatorum
2349 724 2468 788 im-

359 837 522 912 petu
574 835 898 912 quantum
953 847 1310 910 possumus
1364 827 1857 911 prohibeamus,
1954 827 2286 912 Equidem
2333 829 2466 892 etsi

359 932 551 997 doleo
583 952 691 996 me
721 933 790 996 in
821 932 1028 996 vitam
1062 931 1258 1016 paulo
1291 932 1504 996 serius
1536 941 1875 1017 tamquam
1908 931 1978 996 in
2009 931 2183 995 viam
2216 932 2468 1016 ingres·

361 1059 526 1114 sum,
561 1038 947 1121 priusquam
980 1036 1364 1101 confectum
1399 1036 1526 1100 iter
1557 1036 1663 1113 sit,
1698 1036 1766 1100 in
1813 1037 1988 1102 hanc
2031 1037 2126 1100 rei
2158 1036 2467 1121 publicae

358 1151 627 1206 noctem
660 1141 992 1217 incidisse,
1022 1149 1247 1204 tamen
1280 1159 1360 1204 ea
1383 1139 1840 1205 consolatione
1872 1150 2232 1217 sustentor,
2262 1162 2464 1225 quam

360 1255 434 1309 tu
465 1246 648 1322 mihi,
678 1246 902 1321 Brute,
930 1244 1292 1308 adhibuisti
1324 1244 1461 1308 tuis
1495 1243 1904 1309 suavissimis
1935 1244 2193 1322 litteris,
2222 1246 2466 1329 quibus

360 1370 468 1414 me
512 1350 671 1415 forti
717 1348 939 1414 animo
986 1368 1136 1413 esse
1182 1358 1489 1431 oportere
1528 1349 1869 1425 censebaS,
1906 1350 2084 1433 quod
2115 1369 2195 1414 ea
2224 1349 2467 1434 gessis-

360 1474 522 1531 sem,
579 1474 748 1538 quae
801 1453 886 1517 de
933 1474 1042 1518 me
1096 1452 1296 1516 etiam
1352 1472 1461 1517 me
1514 1461 1783 1518 tacente
1837 1452 1982 1537 ipsa
2033 1453 2467 1538 loquerentur

358 1568 754 1642 mortuoque
782 1557 1124 1635 viverent;
1171 1577 1358 1641 quae,
1395 1557 1452 1620 si
1483 1566 1666 1622 recte
1698 1565 1899 1633 esset,
1933 1557 2148 1622 salute
2179 1558 2274 1622 rei
2304 1559 2467 1642 pub-

359 1662 544 1739 licae,
580 1662 686 1727 sin
718 1681 930 1738 secus,
967 1661 1242 1726 interitu
1275 1661 1421 1746 ipso
1457 1660 1915 1727 testimonium
1947 1681 2244 1727 meorum
2276 1663 2361 1727 de
2392 1684 2465 1727 re

360 1767 625 1851 publica
654 1766 1079 1832 consiliorum
1111 1767 1366 1831 darent.

462 1872 598 1937 Sed
667 1871 735 1935 in
799 1882 870 1936 te
936 1871 1227 1947 intuens,
1292 1871 1519 1947 Brute,
1582 1870 1791 1947 dole0,
1859 1870 2048 1936 cuius
2114 1871 2183 1935 in
2246 1871 2465 1937 adule-

359 1975 684 2041 scentiam
733 1996 853 2059 per
895 1975 1149 2040 medias
1198 1975 1428 2040 laudes
1481 1975 1670 2059 quasi
1718 1974 2056 2060 quadrigis
2102 1976 2462 2040 vehentem

424 2230 524 2267 sae
566 2223 715 2267 tarn·
759 2214 1029 2279 according
1050 2220 1103 2264 to
1126 2214 1213 2265 the
1248 2230 1355 2265 cus·

356 2289 462 2332 tom
480 2299 512 2331 o
551 2282 637 2331 the
655 2282 895 2331 ancients.
945 2282 1043 2330 For
1061 2281 1145 2330 the
1163 2288 1358 2345 greater

358 2348 585 2398 freedom
631 2348 689 2397 of
743 2348 938 2397 Roman
984 2363 1039 2396 as
1087 2347 1358 2412 compared

356 2414 476 2463 with
519 2413 735 2463 Grecian
767 2429 979 2473 women,
1019 2411 1082 2462 cf.
1119 2413 1329 2463 Becker'
1330 2428 1355 2462 s

366 2480 561 2539 Gallus,
606 2480 685 2530 Se.
722 2492 774 2539 1,
820 2479 937 2528 Exc.
984 2491 1033 2539 13
1096 2479 1184 2529 but
1229 2495 1355 2529 mar·

357 2561 497 2661 pagg
517 2561 621 2595 was
644 2546 729 2595 the
752 2517 877 2595 door
901 2552 953 2594 to
987 2546 1139 2595 much
1173 2546 1231 2595 of
1260 2545 1358 2595 this

378 2627 462 2661 ree
499 2627 598 2661 om.

421 2677 664 2727 liberali·
736 2676 800 2727 cf.
858 2677 968 2727 Liv.
1024 2678 1219 2727 XXIV.
1276 2690 1358 2756 45,

356 2744 518 2792 libera
553 2744 818 2800 custodia:
877 2743 994 2794 Sall.
1038 2744 1144 2793 Cat.
1179 2756 1260 2808 47,
1298 2745 1357 2794 in

357 2809 533 2859 liberis
565 2810 836 2866 custodiis:
872 2809 970 2858 this
1000 2825 1104 2859 was
1139 2810 1358 2875 ‘private

357 2875 594 2939 custody’
625 2876 706 2941 (in
731 2877 844 2925 one’
846 2892 871 2924 s
893 2875 1078 2940 house)
1108 2876 1357 2926 accorded

356 2947 409 2990 to
432 2956 641 3032 persons
671 2941 730 2991 of
757 2940 1077 3006 importance.
1144 2942 1244 2991 But
1267 2957 1357 2991 our

357 3008 560 3071 ‘virgo’
594 3007 637 3056 is
671 3008 929 3071 regarded,
959 3014 1047 3057 not
1079 3023 1136 3057 as
1169 3023 1200 3057 a
1232 3007 1356 3073 pris·

357 3088 496 3132 oner‚
519 3073 608 3122 but
631 3089 686 3122 as
709 3090 740 3123 a
760 3074 913 3123 ward.

422 3153 653 3204 procos:
694 3140 800 3189 Pid.
827 3155 1086 3205 compares
1116 3140 1203 3189 the
1237 3139 1355 3189 suit·

358 3221 440 3254 ors
486 3205 546 3254 of
586 3198 853 3271 Penelope.
935 3206 1048 3256 ΤῙιε
1087 3206 1329 3256 Dictator'
1332 3221 1356 3255 s

356 3272 576 3321 minions
598 3287 683 3320 are
704 3272 758 3321 in
782 3272 971 3322 Cicero’
973 3288 998 3321 s
1020 3272 1174 3322 mind.

422 3338 817 3403 repudiemus·
880 3337 942 3387 cf.
990 3338 1280 3402 repudium,
1326 3353 1357 3386 a

354 3404 495 3453 word
551 3402 610 3453 of
665 3403 1193 3467 wedlock-sundering
1254 3403 1357 3452 and

356 3468 897 3533 betrothal·breaking;
962 3469 1081 3520 here
1117 3469 1354 3534 anticipa·

356 3541 466 3598 tory
501 3551 625 3584 even
661 3536 720 3585 of
746 3535 1011 3586 betrothal.
1080 3535 1153 3585 Of
1182 3549 1356 3585 course

356 3600 442 3649 the
475 3600 738 3665 metaphor
778 3599 992 3651 ‘Jfaded
1060 3601 1140 3651 Cf.
1184 3602 1270 3650 Or.
1309 3615 1354 3663 3.

361 3678 436 3727 13,
469 3667 748 3729 eloquentia
784 3666 904 3715 haec
929 3668 1158 3732 fhrensis
1189 3673 1355 3732 spreta

355 3746 389 3777 a
402 3729 712 3792 philosophis
732 3737 780 3778 et
797 3732 1085 3793 repudiata.

421 3793 702 3842 adultam·
739 3795 799 3842 cf.
817 3795 937 3844 Tae.
960 3796 1109 3845 Dial.
1137 3808 1213 3862 25,
1239 3814 1354 3846 cum

354 3858 537 3920 fatear
558 3859 805 3919 quaedam
829 3860 1138 3924 eloquentiae
1165 3878 1353 3922 eorum,

1460 2223 1522 2266 ut
1542 2218 1771 2267 nascenti
1786 2216 1966 2278 adhuc,
1986 2234 2074 2268 nec
2094 2219 2219 2269 satis
2239 2218 2466 2281 adultae,

1458 2283 1687 2362 defuisse.

1524 2348 1830 2412 virginem·
1880 2349 1943 2399 cf.
1976 2351 2063 2400 Or.
2094 2364 2167 2413 19.
2194 2351 2273 2413 64,
2297 2353 2467 2400 oratio

1460 2415 1938 2480 philosophorum..
1959 2424 2143 2476 .,casta
2162 2418 2464 2478 verecunda,

1461 2482 1603 2545 virgo
1628 2481 1928 2547 incorrupta
1954 2483 2170 2547 quodam
2194 2483 2346 2533 modo.

1527 2546 1761 2611 impetu,
1786 2548 2086 2597 vehemence.

1527 2612 1585 2662 in
1609 2613 1816 2663 vitam.
1856 2614 1997 2663 often
2011 2615 2262 2664 without
2239 2630 2338 2672 m,
2365 2632 2461 2681 eg.

1461 2679 1620 2728 Acad.
1657 2679 1728 2728 11.
1767 2679 1845 2742 36.
1887 2692 2002 2741 1143
2057 2681 2253 2758 deOff.
2273 2681 2461 2732 111.2.

1462 2745 1516 2804 6;
1570 2744 1747 2795 vitam
1788 2746 1891 2795 and
1926 2745 2078 2795 viam
2115 2762 2200 2796 are
2239 2746 2289 2795 in
2329 2747 2461 2796 allit-

1461 2811 1668 2860 eration.
1759 2811 1857 2860 For
1897 2812 1984 2861 the
2021 2812 2250 2876 thought,
2298 2811 2360 2862 cf.
2403 2814 2465 2861 de

1468 2877 1560 2942 Off.
1602 2877 1645 2925 1.
1688 2890 1766 2941 32.
1813 2876 1921 2937 118,
1962 2879 2105 2927 viam
2144 2878 2356 2927 vivendi
2394 2881 2468 2928 sit

1460 2943 1794 3007 ingressurus.

1523 3016 1780 3059 noctem.
1832 3009 1895 3059 cf.
1920 3016 2025 3075 pro
2054 3011 2193 3060 Rosc.
2229 3013 2343 3059 Am.
2379 3024 2460 3074 32.

1457 3087 1538 3137 91.

1524 3140 1752 3191 litteris:
1796 3154 1816 3190 1
1829 3154 1869 3191 1.

1525 3206 1736 3257 sirecte
1752 3215 1906 3257 esset
1919 3224 1930 3256 ι
1950 3228 2000 3251 =
2019 3207 2084 3256 ‘if
2094 3207 2263 3271 things
2273 3208 2463 3262 should

1457 3287 1525 3335 go
1547 3272 1660 3320 well
1676 3274 1712 3333 ’;
1757 3272 1833 3322 for
1856 3274 1968 3322 adv,
1990 3273 2113 3322 with
2147 3290 2256 3334 esse,
2290 3274 2354 3323 cf.
2392 3275 2470 3324 ad

1458 3340 1558 3388 Aet.
1595 3338 1636 3387 Ι.
1674 3350 1720 3402 7,
1754 3339 1903 3403 apud
1929 3346 2143 3389 matrem
2184 3347 2312 3389 recte
2354 3348 2462 3398 est,-

1456 3404 1599 3453 XIV.
1629 3404 1703 3453 16.
1726 3419 1788 3466 4,
1829 3405 1960 3454 Hor.
1986 3406 2092 3455 Sat.
2120 3405 2189 3454 ΙΙ.
2216 3418 2262 3469 3.
2293 3407 2405 3457 162.

1523 3467 1622 3524 97.
1683 3483 1793 3533 331.
1846 3485 1974 3535 per:
2030 3470 2092 3521 cf.
2138 3472 2335 3549 Juv31.
2381 3485 2462 3537 72,

1448 3542 1549 3600 per
1573 3537 1784 3602 samam
1819 3543 1868 3585 et
1888 3537 2144 3601 populum
2181 3538 2356 3602 nigros
2391 3540 2463 3605 es

1445 3603 1597 3669 ferre
1618 3604 1845 3652 maritos.

1522 3668 1856 3719 vehentem:
1899 3684 2021 3733 very
2053 3685 2163 3718 rare
2196 3684 2250 3719 as
2283 3685 2351 3719 an
2384 3670 2464 3719 in-

1458 3740 1635 3793 trans.;
1703 3734 1941 3784 nowhere
1987 3734 2088 3784 else
2144 3735 2198 3784 in
2247 3735 2456 3797 Cicer03

1457 3797 1588 3848 Gell.
1630 3799 1701 3848 11.
1745 3813 1788 3849 2.
1838 3813 1920 3864 133
1980 3800 2043 3851 V.
2083 3801 2129 3850 6.
2173 3813 2259 3865 273
2321 3801 2466 3853 Suet.

1466 3864 1647 3914 Claud.
1667 3864 1731 3915 28
1739 3883 1755 3927 3
1799 3865 1863 3916 cf.
1888 3866 1998 3916 Liv.
2016 3866 2192 3917 XXII.
2210 3880 2293 3930 49,
2307 3874 2466 3932 prae-
