2767 4334
672 92 681 116 ἶ
806 14 1069 145 Uzffs‘ss
1094 44 1101 61 '
1116 86 1161 122 s

480 244 533 297 ᾧ,
555 92 899 287 Μὴ
928 130 1093 225 W

564 263 663 321 a«
802 288 817 297 -

274 366 279 371 ·
304 276 559 421 &⁹7³5st
1225 367 1511 417 BRUTUS.
2402 370 2463 420 33

430 462 445 499 l

262 491 543 616 gosio‘r}
571 532 689 595 sed
730 531 931 594 habet
976 539 1201 594 tamen
1254 551 1410 594 suos
1460 531 1854 609 laudatores,
1904 533 2017 616 qui
2060 536 2182 599 hac
2233 535 2378 618 ipsa

264 637 407 701 eius
441 635 809 700 subtilitate
842 635 1195 698 admodum
1228 634 1585 717 gaudeant.

354 742 678 826 Catonem
721 762 877 804 vero
924 740 1073 824 quis
1120 750 1496 804 nostrorum
1546 751 1900 817 oratorum,
1950 743 2062 825 qui
2107 743 2372 825 quidem

263 868 443 911 nunc
498 856 671 922 sunt,
729 846 940 929 legit?
1001 854 1115 909 aut
1171 846 1318 929 quis
1374 845 1557 909 novit
1612 845 1929 909 omnino?
2025 845 2125 920 At
2178 869 2374 930 quem

261 951 495 1027 virum,
531 951 596 1014 di
628 949 822 1015 boni!
871 950 1067 1013 mitto
1101 949 1311 1013 civem
1358 958 1473 1013 aut
1521 959 1896 1013 senatorem
1944 960 2056 1014 aut
2104 951 2378 1034 impera-

262 1066 517 1133 torem;
562 1065 890 1119 oratorem
937 1054 1116 1118 enim
1169 1055 1295 1118 hoc
1347 1054 1495 1117 loco
1548 1054 1943 1137 quaerimus.
2041 1055 2211 1138 Quis
2268 1057 2376 1120 illo

262 1159 523 1243 gravior
566 1160 635 1222 in
682 1159 1056 1222 laudando?
1102 1158 1403 1221 acerbior
1455 1158 1523 1220 in
1576 1158 2066 1240 vituperando?
2116 1160 2184 1223 in
2235 1181 2377 1224 sen-

263 1265 493 1327 tentiis
547 1263 885 1346 argutior?
946 1263 1029 1325 in·
1069 1263 1368 1327 docendo
1416 1263 1978 1346 edisserendoque
2028 1264 2375 1328 subtilior?

265 1368 582 1432 Refertae
632 1377 787 1431 sunt
837 1367 1170 1430 orationes
1225 1366 1506 1449 amplius
1555 1376 1824 1430 centum
1872 1367 2370 1452 quinquaginta,

261 1494 427 1556 quas
472 1459 737 1555 quidem
785 1472 1001 1536 adhuc
1048 1471 1416 1534 invenerim
1470 1479 1537 1534 et
1590 1471 1883 1554 legerim,
1920 1480 1987 1535 et
2033 1473 2253 1536 verbis
2307 1483 2375 1536 et

261 1578 462 1641 rebus
513 1576 920 1640 inlustribus,
1019 1575 1212 1639 Licet
1266 1596 1347 1638 ex
1401 1576 1507 1638 his
1554 1576 1803 1658 eligant
1854 1597 1934 1641 ea
1978 1597 2147 1659 quae
2194 1586 2376 1641 nota-

259 1682 444 1744 tione
491 1690 559 1744 et
606 1680 801 1744 laude
849 1679 1052 1762 digna
1105 1679 1276 1743 sint:
1323 1700 1557 1743 omnes
1596 1680 1922 1744 oratoriae
1966 1681 2250 1745 virtutes
2304 1682 2373 1745 in

261 1786 359 1850 eis
406 1785 837 1867 reperientur.
934 1785 1075 1847 Iam
1122 1804 1279 1847 vero
1335 1783 1651 1866 Origines
1700 1784 1843 1847 eius
1893 1805 2089 1868 quem
2144 1785 2372 1849 florem
2406 1804 2464 1848 66

261 1899 376 1954 aut
431 1890 607 1973 quod
660 1890 886 1953 lumen
940 1888 1358 1971 eloquentiae
1413 1909 1547 1951 non
1609 1889 1905 1952 habent?
2016 1889 2373 1954 Amatores

259 1994 415 2058 huic
461 1995 724 2071 desunt,
761 1992 957 2057 sicuti
1004 1992 1235 2057 multis
1273 1992 1402 2055 iam
1449 2002 1607 2056 ante
1654 1993 1936 2056 saeculis
1983 2003 2051 2057 et
2099 1994 2374 2058 Philisto

241 2098 618 2184 ,Syracusio
650 2107 717 2160 et
751 2096 876 2180 ipsi
907 2096 1283 2182 Thucydidi
1309 2118 1323 2173 ;
1354 2117 1506 2160 nam
1542 2106 1615 2160 ut
1648 2098 1881 2160 horum
1916 2098 2200 2161 concisis
2234 2119 2377 2161 sen-

259 2203 511 2279 tentiiS,
550 2202 882 2266 interdum
931 2201 1130 2265 etiam
1180 2222 1313 2264 non
1349 2201 1512 2264 satis
1562 2201 1809 2283 apertis
1853 2222 2004 2265 curn
2049 2203 2374 2284 brevitate

260 2319 403 2370 tum
459 2307 664 2370 nimio
712 2305 1035 2381 acumine,
1070 2306 1273 2369 officit
1321 2306 1796 2388 Theopompus
1843 2306 2129 2370 elatione
2176 2317 2373 2390 atque

258 2410 611 2475 altitudine
654 2410 973 2474 orationis
1009 2430 1184 2486 suae,
1225 2409 1427 2493 [quod
1469 2409 1642 2472 idem
1692 2410 1935 2494 Lysiae
1979 2411 2376 2474 Demosthe-

259 2515 429 2599 neS,]
477 2514 572 2579 sic
613 2514 890 2579 Catonis
932 2513 1296 2578 luminibus
1342 2514 1674 2578 obstruxit
1724 2514 1887 2577 haec
1933 2515 2371 2597 posteriorum

258 2620 447 2703 quasi
480 2627 877 2702 exaggerata
907 2618 1106 2682 altius
1139 2618 1364 2681 oratio,
1457 2618 1591 2682 Sed
1623 2639 1700 2681 ea
1730 2618 1798 2681 in
1832 2619 2078 2682 nostris
2110 2619 2375 2684 inscitia
2404 2637 2460 2692 67

257 2733 381 2799 est,
416 2724 593 2806 quod
641 2723 709 2785 hi
757 2723 901 2805 ipsi,
938 2722 1050 2806 qui
1097 2722 1164 2784 in
1214 2722 1487 2786 Graecis
1527 2723 1924 2805 antiquitate
1956 2723 2375 2788 delectantur

257 2847 466 2911 eaque
490 2827 879 2902 subtilitate,
903 2846 1100 2909 quarn
1124 2826 1428 2889 Atticam
1451 2826 1806 2909 appellant,
1831 2828 2002 2891 hanc
2024 2827 2092 2890 in
2116 2828 2372 2893 Catone

2389 724 2457 778 17

2406 793 2463 848 65

323 3029 662 3078 subtilitate:
701 3039 780 3092 35.
805 3045 856 3077 n.
1368 3027 1458 3076 Or.
1506 3028 1577 3077 II.
1624 3040 1697 3091 13.
1739 3039 1826 3093 573
1875 3028 2046 3090 Quint.
2087 3029 2154 3078 X.
2196 3041 2236 3077 1.
2283 3041 2358 3093 74.

323 3092 422 3146 17.
471 3094 549 3158 65.
587 3094 751 3143 mitto
774 3115 823 3136 =
849 3098 863 3120 ‘
881 3094 905 3141 I
934 3108 1020 3156 say
1044 3092 1258 3155 nothing
1424 3097 1701 3153 acumine,
1724 3096 1941 3156 subtlety.

254 3160 312 3208 of
324 3161 367 3208 ἐ
406 3160 483 3208 for
507 3168 605 3208 aut
635 3159 763 3208 after
786 3160 870 3207 the
894 3158 1070 3207 virtual
1105 3174 1255 3222 nega·
1424 3159 1641 3218 of-fieit,
1676 3159 1887 3222 literally
1923 3160 2090 3208 makes
2123 3164 2356 3223 against:

253 3227 371 3286 tive,
396 3225 457 3274 cf.
485 3226 557 3275 M.
582 3225 680 3291 458
703 3226 751 3274 b.
782 3224 888 3289 (2).
1358 3225 1418 3272 de
1447 3226 1536 3273 Or.
1571 3225 1613 3273 I.
1649 3238 1725 3287 39.
1758 3237 1877 3289 ¹793
1926 3227 1985 3273 de
2015 3227 2106 3292 Off
2144 3227 2242 3275 111.
2283 3228 2356 3276 16.

320 3293 716 3342 edisserendo:
760 3291 866 3352 146.
1358 3290 1438 3339 66.
1533 3291 1605 3339 Its
1649 3292 1886 3354 meaning
1931 3294 2260 3355 corresponds
2306 3300 2357 3341 to

321 3358 664 3408 invenerim:
704 3369 781 3422 57.
806 3373 856 3405 n.
1358 3356 1467 3404 that
1489 3357 1548 3405 of
1567 3358 1843 3406 obstruxit
1866 3358 2040 3406 below.

319 3422 559 3487 eligant:
609 3423 872 3486 unusually
905 3409 1162 3472 indefinite
1202 3422 1256 3472 in
1424 3423 1869 3488 Theopompus:
1919 3436 2038 3484 2043
2082 3424 2140 3472 de
2169 3425 2259 3474 Or.
2286 3425 2355 3473 ΙΙ.

250 3489 462 3553 subject.
1046 3518 1051 3521 Δ
1363 3501 1438 3552 13.
1464 3501 1553 3553 573
1593 3489 1766 3551 Quint.
1792 3490 1856 3539 X.
1886 3502 1927 3538 1.
1956 3501 2033 3553 74.

319 3556 401 3604 66.
438 3556 732 3618 Origines:
776 3555 947 3604 Cato's
980 3562 1120 3618 great
1154 3554 1254 3603 his·
1424 3555 1748 3605 altitudine:
1792 3556 2020 3618 alluding
2053 3555 2357 3618 throughout

251 3622 430 3670 torical
453 3622 610 3671 work.
1357 3627 1411 3669 to
1456 3621 1542 3669 the
1586 3620 1682 3669 law
1721 3621 1917 3684 against
1956 3623 2288 3686 overtopping
2327 3639 2358 3672 a

317 3687 705 3750 eloquentiae:
744 3702 829 3750 e-g.
857 3687 908 3734 in
944 3687 1110 3736 Cato’s
1144 3703 1258 3736 own
1357 3686 1643 3749 neighbor’s
1677 3688 1834 3735 house
1869 3702 1925 3735 so
1959 3702 2013 3736 as
2049 3694 2101 3735 to
2135 3688 2357 3738 obstruet

249 3752 469 3869 'spteoeille
490 3752 911 3880 aghaiggquagga,
959 3751 1256 3801 intmduoed
1356 3752 1703 3868 his6lighthod
1718 3837 1730 3849 ·
1791 3818 2074 3867 introducin
2157 3835 2223 3869 an
2270 3836 2299 3868 a
2336 3847 2356 3858 ·

250 3835 303 3869 m
320 3831 593 3936 Philis⁷toz
664 3855 828 3933 exiled
875 3853 972 3934 lac.
1020 3883 1117 3948 386
1124 3903 1141 3945 ;
1200 3885 1258 3933 de
1356 3831 1587 3948 1)οείζένὲ
1626 3856 1948 3948 explanatory
2006 3834 2186 3933 clallse.
2276 3836 2353 3936 (ll.
