2767 4334
1326 381 1616 434 BRUTUS.
2482 382 2576 436 157

373 557 514 613 erat
544 569 560 626 ;
606 556 824 633 atq-ue,
859 558 934 613 ut
973 547 1186 612 multa
1221 547 1546 624 omittam,
1586 547 1654 611 in
1693 547 1820 634 lpc
1862 548 2076 631 spatio
2112 548 2206 633 [et
2254 548 2324 613 in
2367 548 2473 613 his

372 662 524 735 post
566 652 972 718 aedilitatem
1004 651 1224 737 annis]
1259 661 1330 717 et
1375 662 1644 734 praetor
1686 650 1940 735 primus
1986 662 2055 717 et
2102 652 2473 718 incredibili

372 755 597 839 populi
621 756 965 821 voluntate
997 777 1144 820 sum
1178 755 1415 821 factus.
1498 757 1674 821 Nam
1707 777 1858 821 cum
1893 765 2166 840 propter
2193 757 2476 822 adsidui-

372 869 583 925 tatem
616 859 684 924 in
716 860 935 926 causis
966 870 1035 924 et
1065 860 1461 925 industriam
1491 869 1636 925 tum
1667 870 1940 944 propter
1983 861 2375 945 exquisitius
2406 871 2475 926 et

374 964 648 1029 minime
678 964 948 1049 volgare
983 964 1300 1029 orationis
1333 984 1549 1049 genus
1580 963 1839 1028 animos
1869 964 2213 1029 hominum
2244 966 2328 1030 ad
2369 986 2476 1030 me

377 1068 640 1133 dicendi
699 1069 997 1133 novitate
1057 1077 1531 1133 converteram.
1658 1067 1844 1132 Nihil
1907 1068 1990 1132 de
2051 1089 2159 1134 me
2219 1069 2434 1135 dicam
2459 1092 2580 1145 :322

375 1173 590 1237 dicam
639 1173 724 1237 de
772 1171 1030 1249 ceteriS,
1079 1193 1358 1256 quorum
1404 1192 1600 1236 nemo
1649 1181 1791 1236 erat
1838 1172 1951 1256 qui
1996 1172 2331 1239 videretur
2374 1195 2478 1238 ex-

376 1275 686 1360 quisitius
732 1298 930 1360 quam
974 1276 1212 1360 volgus
1257 1276 1605 1341 hominum
1654 1277 1991 1341 studuisse
2036 1277 2296 1354 litteris,
2341 1277 2478 1361 qui-

376 1381 502 1445 bus
550 1379 705 1445 fons
752 1380 1088 1463 perfectae
1148 1380 1570 1464 eloquentiae
1631 1380 2013 1446 continetur
2034 1401 2049 1458 ;
2114 1401 2311 1446 nemo
2364 1382 2478 1465 qui

378 1484 865 1567 philosophiam
920 1484 1301 1567 complexus
1355 1494 1555 1562 esset,
1613 1494 1916 1580 matrem.
1957 1484 2253 1549 omnium
2305 1486 2478 1549 bene

376 1588 708 1653 factorum
754 1589 1057 1672 beneque
1103 1588 1471 1667 dictorum;
1531 1608 1731 1653 nemo
1776 1589 1889 1672 qui
1934 1588 2038 1654 ius
2084 1589 2277 1655 civile
2320 1589 2480 1654 didi-

378 1691 601 1770 cisset,
636 1713 777 1758 rem
809 1693 892 1757 ad
930 1692 1222 1775 privatas
1254 1712 1489 1758 causas
1521 1702 1590 1757 et
1619 1693 1705 1757 ad
1736 1693 2016 1758 oratoris
2057 1693 2477 1777 prudentiam

379 1797 662 1861 maxime
708 1796 1190 1875 necessariam;
1244 1817 1444 1861 nemo
1491 1796 1603 1881 qui
1644 1797 2029 1862 memoriam
2082 1818 2301 1862 rerum
2351 1799 2480 1862 Ro-

378 1920 723 1965 manarum
767 1910 1049 1977 teneret,
1084 1921 1167 1965 ex
1211 1921 1359 1984 qua,
1395 1901 1453 1965 si
1497 1902 1764 1985 quando
1811 1921 1979 1985 opus
2024 1911 2224 1978 esset,
2258 1903 2343 1966 ab
2380 1901 2474 1965 in-

377 2005 542 2070 feris
588 2004 1145 2088 locupletissimos
1204 2005 1401 2070 testis
1454 2004 1811 2083 excitaret3
1871 2025 2068 2069 nemo
2113 2004 2226 2089 qui
2271 2006 2479 2069 brevi-

379 2119 485 2174 ter
513 2118 880 2193 arguteque
912 2108 1169 2173 incluso
1201 2108 1579 2173 adversario
1609 2107 1858 2174 laxaret
1891 2108 2185 2174 iudicum
2217 2109 2477 2174 animos

379 2224 583 2297 atque
642 2234 682 2277 a
743 2213 1098 2278 severitate
1158 2211 1497 2295 paulisper
1543 2213 1627 2276 ad
1676 2212 2076 2278 hilaritatem
2137 2213 2477 2296 risumque

380 2318 800 2396 traduceret;
869 2337 1066 2381 nemo
1111 2316 1223 2400 qui
1267 2315 1548 2381 dilatare
1592 2326 1821 2400 posset
1871 2326 2073 2401 atque
2120 2337 2161 2381 a
2210 2317 2479 2401 propria

380 2442 458 2487 ac
502 2421 778 2488 definita
823 2420 1273 2504 disputatione
1318 2420 1608 2486 hominis
1654 2441 1732 2486 ac
1784 2421 2105 2505 temporis
2162 2422 2246 2486 ad
2306 2441 2478 2486 com-

448 2640 663 2703 spatio:
692 2638 893 2703 cf.307;
921 2638 1379 2689 seetextnalnotes.
1547 2638 1914 2690 memoriam.
1954 2638 2014 2689 de
2042 2639 2130 2690 Or.
2164 2638 2210 2689 1.
2244 2650 2324 2702 34.
2364 2638 2475 2704 158,

448 2706 696 2770 primus:
737 2706 813 2754 i.e.
836 2705 938 2753 first
963 2705 1017 2754 in
1049 2705 1135 2755 the
1164 2704 1270 2770 poll
1300 2705 1380 2754 for
1481 2705 1839 2769 cognoscendae
1857 2705 2142 2762 historiae,·
2176 2705 2219 2755 I.
2243 2705 2324 2755 60.
2349 2705 2470 2770 2563

381 2771 490 2820 that
522 2786 664 2834 year3
706 2770 770 2820 cf.
795 2771 855 2820 in
876 2771 981 2821 Pis.
1011 2782 1054 2820 1.
1078 2783 1133 2831 23
1167 2777 1270 2836 pro
1293 2770 1379 2835 leg.
1481 2770 1551 2819 II.
1581 2782 1601 2818 1
1643 2769 1768 2831 .62;
1810 2770 1982 2834 Quint.
2005 2771 2071 2820 X.
2101 2782 2142 2820 1.
2168 2782 2247 2834 3ι.

380 2838 541 2890 Man,
567 2849 608 2885 1.
634 2849 681 2886 2.
1546 2836 1604 2885 in
1628 2836 1768 2886 eris·
1817 2837 1935 2900 Top.
1975 2848 2051 2885 10.
2074 2847 2156 2902 45,
2191 2837 2252 2885 in
2283 2836 2372 2885 hoc
2394 2852 2477 2901 ge·

449 2914 561 2966 322.
594 2902 740 2952 nihil
762 2902 832 2953 de
866 2916 990 2952 me:
1036 2902 1128 2952 but
1160 2901 1377 2951 inferen·
1482 2917 1603 2950 nere
1619 2901 1907 2951 oratoribus
1922 2901 2285 2967 etphilosophis
2299 2919 2479 2951 conces·

381 2968 523 3032 tially
545 2968 662 3017 how
684 2969 862 3018 much!
1479 2983 1593 3016 sum
1624 2974 1703 3026 est,
1729 2974 1790 3016 ut
1817 2974 1960 3016 muta
1992 2968 2146 3016 etiam
2178 2969 2476 3032 loquantur,

447 3034 685 3098 volgus.
732 3034 811 3083 sor
837 3049 868 3084 a
898 3033 1114 3097 limiting
1145 3047 1279 3097 gen„
1311 3033 1376 3083 cs.
1480 3035 1673 3081 mortui
1704 3033 1770 3081 ab
1804 3033 1992 3099 inferis
2022 3034 2344 3091 excitentur,-
2387 3035 2477 3083 Or.

382 3113 509 3164 3323
560 3102 704 3150 Tusc,
727 3100 799 3149 II.
823 3099 903 3150 26.
927 3099 1016 3163 633
1055 3100 1179 3149 Tac.
1206 3100 1276 3148 H.
1306 3100 1377 3148 11.
1482 3108 1559 3164 25.
1585 3098 1674 3163 853
1716 3099 1888 3161 Quint.
1912 3099 2006 3149 IX.
2031 3113 2077 3148 2.
2102 3111 2181 3163 31.

385 3178 472 3232 703
512 3167 625 3215 Ter
649 3167 788 3216 And.
812 3165 932 3230 583,
973 3166 1095 3215 Hec.
1119 3165 1231 3215 600.
1545 3163 2058 3228 locupletissimos:
2095 3166 2155 3213 de
2169 3165 2276 3242 Off.
2305 3165 2475 3214 111.2.

448 3232 902 3310 philosophiam.
948 3232 1037 3280 Or.
1066 3245 1116 3308 4.
1150 3242 1225 3345 14,
1247 3231 1382 3295 posi·
1487 3242 1561 3289 10,
1612 3230 1808 3279 accedit
1858 3230 2019 3280 eodem
2068 3231 2201 3279 testis
2248 3232 2476 3294 locuples,

382 3305 492 3347 tum
525 3300 597 3347 sit
627 3299 794 3362 igitur
828 3298 888 3346 in
911 3298 1153 3361 primis.
1229 3297 1382 3346 ,sine
1480 3296 1825 3352 Posidonius;
1869 3316 1920 3340 =
1967 3296 2103 3345 ‘full-
2106 3296 2271 3356 laden,
2317 3296 2477 3360 richly

372 3364 692 3442 philosophia
738 3378 842 3412 non
876 3370 1017 3427 posse
1053 3362 1194 3429 ffeu',
1233 3377 1380 3426 quem
1482 3361 1774 3411 furnishedst

382 3431 695 3493 quaerimus,
728 3431 1065 3496 eloquenterm·
1112 3427 1175 3477 cf.
1209 3428 1297 3477 Or.
1330 3441 1378 3489 4.
1547 3427 1801 3477 incluso:
1860 3426 1923 3477 cf.
1974 3426 2081 3493 178,
2128 3428 2190 3476 in
2235 3429 2479 3492 capiendo

388 3507 472 3560 153
513 3496 573 3544 de
602 3496 688 3544 Or.
725 3496 768 3544 1.
809 3505 884 3561 15.
917 3493 1006 3554 683
1046 3494 1219 3556 Quint.
1241 3494 1306 3543 X.
1337 3506 1379 3542 1.
1480 3492 1797 3543 adversario.

384 3572 463 3626 35,
481 3577 515 3610 a
528 3560 937 3625 pbilosophorum
960 3575 1080 3609 vero
1096 3560 1302 3608 lectione
1324 3565 1385 3607 ut
1546 3559 1873 3609 severitate.
1916 3570 2024 3624 197.

383 3634 540 3677 esseut
579 3628 742 3676 multa
788 3626 929 3675 nobis
971 3627 1209 3690 petenda,
1254 3627 1382 3673 vitio
1547 3624 1807 3674 definita.
1851 3625 1914 3674 cs.
1938 3625 1997 3674 de
2026 3626 2112 3674 Or.
2147 3625 2193 3674 Ι.
2233 3637 2313 3690 31.
2352 3624 2469 3689 1383

369 3694 575 3759 factum
618 3699 690 3741 est
728 3699 1007 3751 oratorum,
1047 3691 1141 3755 qui
1179 3692 1381 3754 quidem
1482 3689 1648 3753 11.31.
1672 3703 1786 3754 133
1829 3691 1947 3755 Top.
1966 3702 2043 3740 21.
2065 3704 2150 3755 79,
2190 3691 2280 3741 Or.
2304 3704 2377 3753 14.
2395 3704 2478 3757 45.

385 3759 492 3807 illis
523 3759 712 3822 optima
745 3758 832 3807 sui
864 3758 1030 3822 operis
1051 3763 1207 3821 parte
1240 3772 1380 3806 cesse·
1550 3756 1755 3819 gratia.
1803 3756 1901 3805 less
1940 3771 2176 3806 common
2209 3757 2266 3806 in
2300 3757 2479 3806 Cicero

384 3831 547 3881 runt,·
581 3824 703 3873 XII.
729 3836 774 3872 2.
798 3823 846 3875 8.
1484 3821 1609 3870 than
1630 3838 1822 3879 causa,·
1856 3822 2072 3887 perhaps
2094 3813 2220 3872 used
2241 3823 2362 3872 here
2394 3825 2480 3871 be-

449 3890 833 3956 prudentiam.
877 3901 983 3940 102.
1006 3904 1058 3939 ιι.
1487 3902 1635 3938 cause
1679 3888 1739 3937 os
1775 3889 1861 3937 the
1905 3888 2165 3953 following
2208 3904 2243 3939 a
2285 3903 2477 3939 causa.

1515 4129 1539 4158 N.
