2767 4334
258 379 354 434 140
1224 384 1497 439 CICERO.

256 525 595 639 Quatura
624 549 949 632 quaedam
993 559 1110 616 aut
1141 550 1453 616 voluntas
1499 551 1594 616 ita
1639 551 1902 617 dicendi
1946 552 2091 618 fuit.
2188 554 2278 617 Et
2323 552 2461 637 qui-

357 651 506 716 dem
555 651 686 717 duo
730 653 1003 720 fuerunt
1049 675 1169 739 per
1213 654 1389 720 idem
1435 664 1702 739 tempus
1748 654 2104 721 dissimiles
2144 654 2320 721 inter
2362 677 2457 734 se,

356 756 475 821 sed
521 755 741 822 Attici
786 766 1055 838 tamen;
1098 778 1379 843 quorum
1430 758 1773 825 Charisius
1820 758 2180 823 multarum
2227 760 2462 825 oratio-

357 881 537 938 num,
571 881 736 945 quas
783 861 1115 928 scribebat
1152 862 1320 941 aliis,
1355 883 1509 928 cum
1555 883 1801 947 cupere
1829 862 2168 928 videretur
2212 863 2461 928 imitari

359 964 673 1052 Lysiam3
720 966 1175 1033 Demochares
1208 976 1455 1044 autem,
1489 967 1603 1052 qui
1634 967 1762 1032 fuit
1809 967 2255 1032 Demostheni
2288 988 2463 1032 soro-

354 1069 445 1134 ris
493 1069 689 1148 filius,
738 1079 806 1135 et
853 1072 1188 1136 orationes
1235 1071 1504 1155 scripsit
1552 1070 1803 1156 aliquot
1851 1080 1918 1137 et
1967 1091 2191 1136 earum
2240 1092 2459 1136 rerum

354 1174 717 1252 historiam,
753 1195 925 1260 quae
955 1185 1148 1241 erant
1179 1175 1478 1241 Athenis
1527 1175 1737 1260 ipsius
1773 1185 1996 1241 aetate
2036 1186 2287 1260 gestae,
2322 1197 2459 1240 non

353 1288 492 1343 tam
547 1278 864 1344 historico
925 1301 1123 1364 quam
1185 1279 1475 1344 oratorio
1533 1300 1783 1363 genere
1844 1281 2246 1364 perscripsit.
2358 1281 2459 1344 At

355 1382 641 1448 Charisii
689 1383 825 1448 volt
884 1383 1218 1469 Hegesias
1265 1404 1416 1449 esse
1463 1383 1718 1462 similis,
1767 1384 1957 1468 isque
2002 1405 2077 1450 se
2124 1384 2218 1449 ita
2264 1394 2459 1468 putat

252 1505 337 1562 287
356 1487 684 1565 Atticum,
713 1497 789 1552 ut
812 1508 1006 1553 veros
1031 1487 1179 1552 illos
1211 1508 1372 1594 prae
1401 1508 1477 1553 se
1507 1508 1721 1572 paene
1750 1488 2032 1573 agrestis
2065 1498 2275 1573 putet.
2358 1489 2459 1554 At

351 1592 510 1677 quid
545 1602 648 1657 est
679 1601 818 1657 tam
850 1592 1158 1669 fractum,
1193 1575 1332 1657 tam
1375 1592 1727 1671 minutum,
1762 1602 1901 1657 tam
1947 1592 2015 1657 in
2062 1593 2224 1678 ipsa,
2259 1614 2459 1677 quam

350 1707 581 1762 tamen
624 1696 1073 1781 consequitur,
1114 1695 1571 1762 concinnitate
1617 1697 1916 1781 puerile?
2010 1696 2457 1762 “Atticorum

350 1801 604 1866 similes
654 1821 805 1866 esse
848 1800 1218 1866 volumus.”
1317 1800 1632 1885 Optime;
1683 1811 1930 1866 suntne
1976 1800 2179 1885 igitur
2220 1801 2288 1865 hi
2337 1802 2461 1866 At-

349 1905 465 1971 tici
513 1905 862 1970 oratores?
963 1912 1001 1942 “
1027 1904 1196 1989 Quis
1245 1925 1493 1989 negare
1540 1905 1816 1989 potest?
1883 1905 2006 1969 hos
2056 1904 2457 1992 imitamur.’'

354 2010 509 2094 Quo
548 2009 763 2086 mod0,
806 2008 920 2093 qui
963 2018 1120 2074 sunt
1164 2018 1231 2073 et
1276 2007 1455 2073 inter
1490 2029 1563 2074 se
1608 2008 1963 2074 dissimiles
2010 2017 2078 2073 et
2125 2009 2460 2075 aliorum?

355 2112 940 2200 “Thucydidem,”
987 2113 1221 2197 inquit,
1268 2112 1725 2179 “imitamur.”
1820 2113 2112 2198 Optime,
2155 2112 2210 2178 si
2255 2113 2459 2179 histo-

350 2219 513 2283 riam
558 2218 868 2294 scribere,
914 2237 1048 2281 non
1096 2217 1152 2282 si
1197 2238 1432 2283 causas
1484 2217 1705 2283 dicere
1752 2217 2081 2303 cogitatis,
2193 2218 2461 2305 Thucy-

348 2322 537 2387 dides
593 2322 771 2386 enim
827 2341 1048 2386 rerum
1102 2330 1443 2405 gestarum
1506 2322 1973 2405 pronuntiator
2025 2321 2323 2387 sincerus
2385 2332 2455 2388 et

347 2426 618 2511 grandis
667 2426 870 2491 etiam
917 2425 1085 2504 fuit3
1149 2426 1274 2491 hoc
1329 2426 1616 2503 forense,
1668 2427 2245 2504 concertatorium,
2295 2426 2459 2491 iudi-

348 2531 515 2597 ciale
547 2551 682 2595 non
715 2529 1029 2596 tractavit
1061 2550 1293 2614 genus.
1392 2530 1751 2595 Orationes
1783 2539 2006 2595 autem
2050 2550 2213 2613 quas
2257 2529 2458 2595 inter-

346 2729 606 2829 (ἐξαιρεῖτε
630 2713 716 2764 the
738 2713 885 2828 vestzit
902 2713 1171 2828 ιυῒενιῖξοίω
1185 2712 1385 2840 whigh
1454 2713 1687 2828 311γῶοε
1718 2713 1918 2828 ide-az
1864 2738 1932 2751 —
1948 2712 2093 2762 ‘who
2129 2728 2228 2762 was
2261 2717 2315 2762 to
2350 2713 2456 2763 De-

400 2796 510 2829 eme
532 2796 633 2830 nus
677 2781 720 2828 is
765 2794 839 2829 sal
942 2795 974 2828 o
1055 2794 1147 2828 ave
1193 2793 1281 2828 use
1453 2794 1563 2829 mos
1621 2794 1740 2828 enes
1762 2794 1829 2828 Sis
1851 2794 1903 2829 er
1905 2780 2090 2829 '.s-son’

346 2846 520 2909 Quint
544 2847 608 2896 X.
639 2859 681 2895 1.
708 2858 785 2909 33.
1519 2859 1687 2895 veros
1711 2845 1871 2895 illos.
1908 2860 1975 2894 sc.
2002 2845 2240 2896 Atticos.

413 2909 513 2966 88.
562 2912 676 2962 286.
711 2909 1038 2962 Charisius:
1076 2909 1248 2974 Quint.
1283 2910 1349 2959 X.
1521 2909 1631 2989 287.
1667 2911 1940 2961 fractum.
1985 2913 2076 2961 Or.
2105 2911 2182 2973 69
2219 2923 2332 2974 230,
2367 2912 2457 2960 illo

352 2990 395 3027 1.
432 2990 511 3042 70,
546 2995 635 3027 nec
669 2977 812 3027 nihil
830 2984 934 3041 pro
957 2983 1056 3025 ecto
1089 2976 1350 3035 viderunt,
1452 2978 1595 3036 vitio,
1652 2977 1790 3041 quod
1838 2977 1901 3025 ab
1954 2978 2169 3041 Hegesia
2227 2978 2458 3028 maxime

346 3044 441 3107 qui
457 3045 721 3103 orationes,
741 3059 874 3107 quae
933 3042 1130 3091 harisii
1145 3043 1351 3091 nomini
1449 3043 1637 3108 fluxit,
1657 3043 2017 3109 infringendis
2038 3043 2458 3108 concidendisque

346 3109 681 3170 addicuntur,
728 3125 761 3158 a
802 3108 1098 3158 Menandro
1138 3109 1352 3172 scriptas
1453 3110 1723 3158 numeris:
1757 3108 1838 3174 67.
1863 3109 1984 3170 2263
2025 3109 2201 3173 Quint.
2224 3109 2378 3160 VIII.
2404 3123 2454 3173 3.

335 3182 544 3239 putant.
1453 3186 1530 3239 57

413 3243 720 3292 multarum
746 3241 1097 3291 orationum:
1135 3254 1204 3289 sc.
1229 3240 1347 3289 fuit.
1518 3241 1834 3291 minutum.
1887 3241 1949 3290 de
1988 3241 2079 3291 Or.
2114 3242 2188 3291 11.
2223 3239 2301 3305 38.
2344 3252 2454 3306 159,

345 3308 445 3356 For
468 3308 554 3371 the
585 3323 698 3357 case
731 3306 796 3356 cf.
827 3306 939 3368 246,
971 3308 1096 3366 end3
1144 3306 1221 3354 ad
1245 3309 1347 3355 Att.
1441 3322 1607 3370 genus
1644 3307 1893 3355 sermonis
1934 3343 1946 3356 .
1988 3344 2001 3357 .
2044 3343 2057 3356 .
2098 3307 2352 3356 concisum
2393 3324 2457 3354 ac

345 3374 496 3422 XIII.
523 3386 653 3435 29.1
1452 3373 1733 3432 minutum,
1756 3372 1924 3422 where
1942 3372 2164 3422 Wilkins
2186 3371 2455 3422 translates

413 3440 829 3490 Demochares.
868 3438 927 3487 de
957 3439 1043 3487 Or.
1069 3438 1140 3486 II.
1166 3450 1244 3501 23.
1267 3449 1347 3503 95,
1450 3438 1754 3502 diffointed,·
1789 3438 1852 3488 cf.
1876 3439 2186 3488 diminuere.

344 3506 456 3553 alia
491 3505 743 3583 quaedam
781 3504 985 3553 dicendi
1019 3504 1252 3552 molliora
1289 3520 1350 3552 ac
1517 3512 1755 3554 suntne.
1796 3516 1874 3567 39.
1899 3519 1950 3554 n.

345 3573 638 3620 remissiora
655 3587 849 3635 genera
876 3572 1189 3635 viguerunt:
1227 3569 1348 3618 inde
1516 3569 1911 3632 Thucydides.
1957 3570 2044 3619 Or.
2069 3584 2118 3633 9.
2144 3583 2223 3633 30,
2259 3570 2455 3635 Thucy

344 3637 693 3696 Demochares,
745 3652 891 3700 quem
948 3637 1109 3684 aiunt
1158 3636 1348 3683 sororis
1447 3634 1588 3683 dides
1621 3643 1789 3684 autem
1823 3651 1903 3685 res
1927 3643 2088 3702 gestas
2110 3643 2158 3685 et
2175 3637 2298 3685 bella
2324 3653 2454 3685 nar-

339 3701 527 3766 filium
550 3703 720 3778 fuisse
746 3701 1106 3756 Demostheni,-
1142 3700 1221 3749 for
1244 3700 1344 3749 dat.
1449 3708 1539 3749 rat
1551 3702 1826 3765 etproelia,
1836 3704 2077 3767 graviter
2087 3719 2212 3750 sane
2228 3708 2276 3751 et
2278 3704 2453 3767 probe

343 3767 478 3825 here,
499 3767 638 3815 and'
624 3783 678 3814 ιιι
702 3766 788 3814 the
813 3773 929 3825 text,
955 3765 1016 3814 cf.
1042 3765 1120 3830 58.
1140 3781 1190 3814 ιι.
1235 3765 1346 3814 ΤΙιε
1446 3765 1536 3814 sed
1560 3767 1702 3816 nihil
1719 3767 1783 3815 ab
1805 3783 1858 3816 eo
1880 3769 2167 3834 transferri
2190 3775 2352 3832 potest
2382 3770 2461 3818 ad

343 3830 472 3878 form
508 3846 603 3880 can
635 3832 701 3879 be
733 3846 865 3893 gen„
895 3846 950 3880 as
983 3846 1123 3879 some
1158 3831 1346 3880 editors
1447 3832 1706 3897 forensem
1730 3849 1878 3882 usum
1897 3840 1947 3882 et
1951 3835 2260 3899 publicum
2295 3847 2343 3897 9.
2371 3848 2454 3899 31,

342 3895 460 3943 take
491 3895 552 3954 it;
595 3897 686 3944 but
712 3896 923 3944 sororis
957 3895 1143 3944 filius'
1129 3911 1172 3943 is
1193 3895 1343 3945 virtu·
1448 3912 1626 3945 rerum
1661 3899 1940 3962 explicator
1960 3900 2211 3964 prudens,
2233 3916 2455 3962 severuS,

2741 3813 2755 3888 -Ιι
