2767 4334
319 381 383 432 22

325 1988 398 2042 12

321 2067 379 2113 45

1288 379 1561 430 CICERO.

406 546 750 611 materiem
784 547 867 610 ad
898 546 1284 611 ornandum.
1384 544 1537 628 Qua
1568 564 1638 608 re
1670 543 1983 628 quoniam
2016 546 2139 610 tibi
2185 545 2281 609 ita
2328 547 2529 628 quad-

408 661 508 715 rat
541 651 765 714 omnia
794 650 1004 714 fuisse
1036 649 1476 714 Themistocli
1508 647 1692 732 paria
1721 658 1787 713 et
1823 649 2196 727 Coriolan0,
2225 659 2524 741 pateram

406 776 667 839 quoque
713 775 752 819 a
797 775 904 818 me
951 775 1176 818 sumas
1222 753 1420 831 licet;
1469 754 1801 836 praebebo
1847 755 2049 818 etiam
2097 734 2540 831 hostiafinj'u‘t‘

318 890 376 932 44
408 859 800 925 Coriolanus
861 858 947 923 sit
1001 858 1197 941 plane
1247 858 1421 922 alter
1471 856 2004 922 Themistocles!
2053 834 2260 953 &Sit
2318 859 2522 936 sane‚'

408 965 693 1048 inquam,
732 971 840 1027 ‘ut
895 963 1077 1040 libet,
1127 964 1209 1027 de
1264 962 1435 1039 isto;
1484 971 1550 1026 et
1597 982 1725 1046 ego
1772 961 2033 1027 cautius
2064 963 2344 1045 posthac
2394 964 2526 1028 his-

405 1068 642 1134 toriam
692 1068 1020 1150 attingam
1068 1076 1137 1133 te
1182 1066 1515 1143 audiente,
1550 1087 1748 1151 quem
1796 1086 2015 1131 rerum
2065 1068 2520 1132 Romanarum

406 1182 744 1237 auctorem
778 1172 1044 1236 laudare
1075 1192 1347 1255 possum
1381 1170 1974 1254 religiosissimum.
2053 1171 2187 1236 Sed
2211 1181 2356 1235 tum
2380 1173 2523 1237 fere

410 1277 712 1353 PericleS,
751 1276 1124 1358 Xanthippi
1158 1276 1352 1353 filius,
1388 1276 1471 1339 de
1502 1296 1634 1359 quo
1666 1286 1823 1341 ante
1859 1275 2011 1350 dixi,
2045 1275 2299 1357 primus
2346 1277 2524 1341 adhi-

406 1381 548 1446 buit
582 1381 992 1459 doctrinam;
1037 1401 1207 1463 quae
1239 1400 1639 1463 quamquam
1672 1390 1816 1444 tum
1847 1379 2028 1444 nulla
2059 1389 2200 1444 erat
2235 1380 2519 1458 dicendi,

406 1496 631 1550 tamen
685 1486 770 1550 ab
824 1485 1226 1567 Anaxagora
1277 1485 1557 1570 physico
1616 1484 1916 1548 eruditus
1978 1484 2517 1549 exercitationem

408 1590 652 1654 mentis
683 1611 722 1653 a
753 1589 1115 1653 reconditis
1153 1578 1612 1672 abstrusisque
1659 1590 1858 1653 rebus
1902 1589 1986 1652 ad
2032 1610 2266 1654 causas
2308 1590 2526 1654 foren-

410 1695 500 1759 sis
532 1694 999 1778 popularisque
1030 1693 1225 1758 facile
1255 1694 1655 1757 traduxerat.
1736 1693 1959 1757 Huius
1992 1694 2321 1759 suavitate
2353 1716 2525 1759 max-

410 1800 540 1863 ime
572 1799 890 1862 hilaratae
920 1797 1238 1862 Athenae
1270 1807 1468 1876 sunt;
1515 1797 1714 1861 huius
1753 1798 2127 1862 ubertatem
2165 1808 2232 1863 et
2267 1799 2523 1882 copiam

409 1903 769 1968 admiratae
802 1902 1098 1967 eiusdem
1129 1902 1263 1965 vim
1298 1902 1564 1966 dicendi
1594 1911 2048 1985 terroremque
2081 1903 2468 1969 timuerunt.

502 2008 691 2072 Haec
724 2006 928 2090 igitur
956 2016 1141 2070 aetas
1173 2007 1388 2089 prima
1416 2005 1714 2070 Athenis
1762 2016 2089 2071 oratorem
2137 2028 2340 2090 prope
2385 2028 2527 2091 per-

409 2114 660 2177 fectum
687 2111 855 2175 tulit.
935 2111 1081 2174 Nec
1113 2110 1289 2174 enim
1324 2110 1394 2173 in
1426 2110 1993 2175 constituentibus
2019 2132 2156 2175 rem
2189 2112 2522 2195 publicam

412 2238 536 2282 nec
569 2217 637 2279 in
669 2215 843 2280 bella
883 2215 1275 2298 gerentibus
1308 2235 1433 2279 nec
1465 2214 1533 2277 in
1567 2214 1902 2297 impeditis
1935 2236 2012 2280 ac
2045 2236 2277 2298 regum
2325 2217 2526 2280 domi-

411 2322 681 2386 natione
713 2319 1042 2384 devinctis
1074 2318 1259 2384 nasci
1292 2319 1620 2402 cupiditas
1652 2319 1919 2383 dicendi
1952 2320 2119 2384 solet
2146 2342 2161 2398 ;
2205 2321 2390 2403 pacis
2421 2333 2526 2386 est

412 2446 634 2492 comes
696 2424 946 2508 otiique
999 2424 1180 2488 socia
1232 2433 1299 2488 et
1353 2423 1483 2487 iam
1545 2424 1718 2488 bene
1771 2424 2177 2489 constitutae
2236 2425 2527 2490 civitatis

323 2550 382 2606 46
412 2529 601 2615 quasi
642 2529 910 2592 alumna
951 2529 1272 2611 quaedam
1325 2527 1722 2611 eloquentia.

1819 2528 2057 2612 Itaque
2116 2529 2208 2592 ait
2268 2529 2530 2594 Aristo-

410 2635 599 2712 teles,
641 2653 789 2698 cum
838 2631 1115 2696 sublatis
1162 2632 1230 2695 in
1266 2632 1493 2697 Sicilia
1528 2632 1832 2718 tyrannis
1864 2654 1971 2698 res
2003 2633 2298 2716 privatae
2327 2634 2529 2718 longo

491 2781 593 2832 tibi
613 2817 625 2830 .
645 2818 657 2831 .
678 2818 689 2830 .
706 2781 946 2844 quadrat
965 2778 1194 2845 (squares
1208 2779 1329 2829 with
1340 2778 1419 2845 =)

424 2851 552 2899 suits
565 2864 689 2911 you.

492 2914 663 2979 paria,
697 2928 763 2961 on
794 2929 827 2960 a
854 2919 985 2975 par:
1032 2911 1121 2960 but
1148 2911 1288 2960 these
1319 2927 1427 2976 par-

425 2980 602 3030 ticular
636 2978 887 3027 incidents
919 2993 1004 3027 are
1035 2984 1124 3026 not
1151 2977 1343 3028 related
1372 2977 1431 3027 of

424 3046 734 3096 Coriolanus.

490 3112 770 3162 hostiam:
811 3108 874 3159 cs.
901 3116 1126 3158 taurum
1150 3109 1327 3160 above.

487 3193 568 3239 44.
604 3179 743 3227 isto:
782 3191 850 3225 sc.
875 3176 1192 3226 Coriolano.

490 3242 1012 3306 religiosissimum:
1047 3244 1106 3291 in
1124 3243 1293 3291 Vatin.
1320 3254 1359 3290 1.
1382 3254 1425 3303 1,

426 3312 714 3375 relzgiosum
750 3318 913 3358 testem
925 3326 949 3367 ,·
975 3318 1077 3374 pro
1115 3309 1314 3359 Caecin.
1351 3321 1425 3357 10.

426 3377 503 3426 26.
591 3377 702 3425 The
757 3378 899 3427 word
953 3392 1125 3426 means
1183 3375 1428 3424 conscien-

424 3446 605 3506 tiously
630 3451 787 3494 exact.

491 3512 593 3561 sed
616 3528 739 3575 goes
762 3511 893 3560 back
917 3517 969 3559 to
991 3522 1071 3572 41.

491 3580 727 3637 dicendi,
774 3580 838 3645 os
867 3585 1072 3642 oratory
1109 3592 1165 3626 as
1209 3592 1275 3626 an
1318 3583 1424 3625 arte

423 3648 569 3694 Part.
595 3647 736 3694 Orat.
768 3658 810 3695 1.
835 3657 880 3708 3,
903 3645 1070 3693 omnis
1092 3643 1326 3692 doctrina
1350 3642 1427 3691 di·

424 3713 584 3762 cendi.

489 3779 774 3828 eruditus:
816 3776 881 3827 cf.
920 3777 1009 3826 Or.
1041 3790 1088 3838 4.
1127 3787 1209 3841 153
1254 3774 1425 3839 Quint.

424 3844 546 3893 XII.
574 3857 616 3892 2.
644 3857 720 3892 22.

490 3909 759 3960 hilar-atae
784 3916 947 3959 sunt:
987 3907 1051 3957 cf.
1081 3919 1190 3973 197.

1592 2789 1889 2831 terrorem:
1928 2779 1989 2829 cf.
2018 2780 2095 2831 28.
2115 2797 2189 2840 n.;
2231 2781 2319 2830 Or.
2344 2795 2390 2844 9.
2417 2795 2497 2844 29.

1596 2844 1693 2898 12.
1731 2858 1811 2911 45.
1849 2847 1907 2895 in
1942 2847 2089 2895 bella
2125 2848 2454 2909 gerentibus
2478 2869 2527 2891 =

1527 2912 1613 2961 the
1635 2928 1773 2961 more
1804 2912 2035 2976 frequent
2067 2912 2210 2972 form,
2237 2914 2297 2960 in
2332 2915 2404 2962 eis
2437 2916 2533 2978 qui

1528 2979 1650 3026 bella
1665 2985 1860 3041 gerunt
1874 2995 1894 3027 .·
1930 2978 2007 3027 for
2025 2979 2172 3028 order
2190 2978 2250 3028 of
2268 2982 2449 3040 words,
2465 2980 2531 3029 cf.

1528 3045 1609 3122 M..
1625 3045 1724 3106 469
1753 3044 1859 3109 (2).
1891 3110 1901 3121 ι
1934 3111 1946 3122 .

1594 3125 1653 3159 m
1694 3111 2009 3174 impeditis:
2049 3127 2131 3174 eg.
2180 3111 2322 3160 there
2360 3128 2463 3161 was
2504 3129 2535 3162 a

1528 3177 1747 3240 collapse
1779 3176 1838 3225 of
1866 3177 2141 3240 eloquence
2165 3177 2291 3226 after
2315 3178 2535 3228 Cicero's

1528 3244 1662 3302 time,
1682 3244 1840 3292 under
1858 3243 1944 3291 the
1964 3244 2182 3308 Empire.
2253 3245 2534 3307 Quintilian

1527 3309 1724 3423 reviveld
1749 3309 1811 3358 its
1833 3309 1983 3374 body,
2007 3311 2097 3359 but
2121 3312 2273 3361 could
2300 3317 2389 3360 not
2418 3311 2534 3374 give

1528 3375 1566 3424 it
1589 3391 1680 3424 sou
1702 3413 1712 3423 .

1594 3443 1780 3506 pacis:
1833 3442 1895 3492 cf.
1930 3443 1990 3491 de
2042 3444 2131 3492 Or.
2169 3444 2239 3493 ΙΙ.
2277 3443 2323 3493 8.
2362 3455 2441 3506 33,
2477 3451 2540 3492 ut

1530 3524 1678 3557 usum
1703 3509 1907 3557 dicendi
1930 3512 2175 3571 omittam,
2200 3513 2297 3576 qui
2314 3512 2375 3559 in
2390 3512 2538 3559 omni

1525 3583 1715 3640 pacata
1735 3583 1781 3623 et
1796 3577 1955 3625 libera
1971 3578 2175 3627 civitate
2192 3579 2496 3627 dominatur
2508 3595 2536 3634 ,-

1529 3643 1571 3692 1.
1595 3641 1640 3691 8.
1666 3655 1754 3705 30;
1797 3643 1838 3691 Ι.
1863 3658 1911 3703 4.
1941 3655 2015 3704 14.

1593 3708 1674 3770 46.
1709 3708 2059 3769 Aristoteles,
2109 3710 2161 3759 in
2209 3710 2289 3760 his
2336 3715 2538 3774 τεχνῶν

1528 3774 1818 3837 συναγωγῆς
1870 3775 1932 3824 cf.
1974 3775 2033 3824 de
2070 3777 2159 3825 Or.
2195 3776 2263 3825 11.
2302 3777 2381 3840 38.
2422 3778 2535 3837 160,

1528 3841 1721 3889 librum
1780 3841 1840 3889 in
1892 3857 1991 3905 quo
2046 3844 2277 3905 exposuit
2328 3843 2538 3895 dicendi

1528 3907 1662 3956 artis
1685 3907 1829 3955 omni
1832 3923 1917 3955 um
1943 3908 2285 3972 superiorum.
