2767 4334
1267 349 1556 399 BRUTUS.
1581 313 1586 319 ’
2445 351 2507 402 31

309 526 503 600 gator
532 513 950 598 antiquitatis
981 522 1172 596 putat
1204 512 1273 575 in
1306 514 1434 576 hoc
1480 523 1767 577 erratum
1800 513 2138 598 vitamque
2185 515 2422 579 Naevii

309 620 616 705 producit
670 618 952 702 longius.
1048 618 1225 681 Nam
1278 617 1551 680 Plautus
1604 618 1670 682 P.
1726 617 2007 683 Claudio
2059 620 2138 683 L.
2190 620 2421 684 Porcio

307 724 547 809 viginti
579 723 772 788 annis
818 731 970 805 post
1017 721 1183 799 illos,
1218 742 1384 805 quos
1430 733 1589 786 ante
1634 722 1787 799 dixi,
1823 723 2211 789 consulibus
2258 745 2423 789 mor-

307 839 466 893 tuus
499 837 621 904 est,
659 827 916 892 Catone
949 846 1243 890 censore.
1728 880 1736 887 .

399 934 605 997 Hunc
653 932 859 1015 igitur
909 931 1286 1014 Cethegum
1337 941 1743 995 consecutus
1793 941 1896 996 est
1945 942 2167 998 aetate
2229 933 2418 1010 Cat0,
2451 952 2506 996 61

307 1037 421 1121 qui
453 1036 645 1100 annis
679 1055 750 1099 lx
781 1045 934 1118 post
968 1055 1120 1099 eum
1166 1035 1292 1098 fuit
1341 1035 1592 1100 consul.
1688 1037 1862 1100 Eum
1911 1057 2032 1100 nos
2079 1046 2153 1101 ut
2198 1059 2423 1120 perve-

306 1153 518 1206 terem
565 1141 906 1217 habemuS,
954 1139 1068 1223 qui
1118 1141 1196 1203 L.
1246 1139 1501 1203 Marcio
1550 1138 1667 1204 M.’
1712 1139 1989 1204 Manilio
2035 1142 2420 1209 consulibus

309 1256 608 1310 mortuus
633 1254 754 1321 est,
784 1244 978 1308 annis
1010 1263 1275 1306 Lxxxw
1308 1243 1472 1326 ipsis
1505 1253 1663 1308 ante
1694 1264 1801 1308 me
1832 1244 2189 1309 consulem.
2271 1247 2417 1310 Nec
2434 1254 2507 1308 16

305 1371 463 1415 vero
495 1350 708 1416 habeo
740 1369 1137 1433 quemquam
1169 1347 1629 1431 antiquiorem,
1658 1349 1847 1412 cuius
1878 1349 2146 1432 quidem
2173 1350 2420 1433 scripta

305 1455 702 1538 proferenda
750 1462 1001 1536 putem,
1051 1451 1181 1516 nisi
1232 1472 1430 1536 quem
1476 1451 1685 1535 Appii
1737 1453 1939 1518 Caeci
1996 1454 2207 1518 oratio
2254 1455 2419 1520 haec

304 1559 450 1643 ipsa
478 1560 563 1623 de
597 1559 846 1645 Pyrrho
872 1566 939 1621 et
964 1578 1099 1620 non
1125 1555 1345 1620 nullae
1370 1567 1780 1621 mortuorum
1804 1556 2220 1623 laudationes
2245 1558 2418 1624 forte

304 1663 658 1728 delectant.
753 1663 844 1726 Et
877 1660 1182 1726 hercules
1212 1661 1338 1725 hae
1371 1660 1639 1745 quidem
1670 1671 1935 1725 exstant
1959 1683 1975 1740 ;
2022 1662 2206 1745 ipsae
2238 1664 2417 1728 enim
2448 1683 2506 1728 62

303 1767 590 1831 familiae
615 1788 735 1830 sua
757 1765 947 1850 quasi
971 1775 1366 1830 ornamenta
1397 1786 1474 1830 ac
1506 1775 1941 1831 monumenta
1973 1768 2327 1832 servabant
2349 1778 2416 1833 et

300 1873 386 1935 ad
417 1892 631 1947 usum,
660 1870 716 1934 si
747 1870 896 1954 quis
929 1869 1226 1934 eiusdem
1260 1869 1527 1953 generis
1559 1870 1932 1946 occidisset,
1962 1880 2028 1934 et
2060 1872 2144 1935 ad
2177 1893 2418 1936 memo-

303 1975 464 2039 riam
497 1972 767 2039 laudum
798 1973 1312 2038 domesticarum
1355 1983 1424 2038 et
1470 1975 1566 2038 ad·
1601 1974 2084 2039 inlustrandam
2118 1976 2417 2040 nobilita-

298 2090 439 2144 tem
472 2100 675 2144 suam.
763 2079 1185 2162 Quamquam
1218 2078 1323 2142 his
1354 2078 1847 2143 laudationibus
1884 2079 2165 2144 historia
2194 2102 2414 2145 rerum

300 2193 676 2248 nostrarum
708 2193 810 2247 est
844 2182 1022 2246 facta
1052 2182 1474 2261 mendosior3
1520 2182 1939 2247 multaenim
1976 2183 2223 2267 scripta
2254 2195 2412 2249 sunt

299 2288 368 2351 in
401 2288 498 2352 eis
543 2284 921 2371 quaefacta
951 2307 1084 2350 non
1131 2296 1308 2364 sunt,
1344 2286 1495 2351 falsi
1540 2287 1877 2370 triumphi,
1913 2287 2152 2370 plures
2181 2308 2392 2353 consu

298 2392 494 2469 latuS,
527 2412 776 2476 genera
805 2390 1006 2455 etiam
1039 2390 1209 2455 falsa
1245 2399 1311 2455 et
1350 2392 1434 2455 ad
1473 2391 1736 2475 plebem
1773 2392 2225 2469 transitiones,
2260 2415 2408 2457 cum

297 2624 568 2660 numerous
621 2609 790 2659 works
847 2624 950 2659 was
1015 2608 1074 2658 de
1138 2610 1304 2659 Poetis

299 2676 463 2726 Libri.

363 2742 760 2805 investigator:
814 2742 1122 2806 investigare
1142 2762 1191 2784 =
1218 2743 1234 2769 ⁶
1248 2749 1301 2791 to

296 2807 439 2857 track
463 2808 581 2858 out?
649 2806 725 2856 Cf.
749 2808 875 2857 Nat.
898 2809 969 2856 D.
996 2807 1063 2856 11.
1090 2806 1168 2870 63.
1194 2807 1302 2872 158,

298 2889 489 2924 canum
515 2910 528 2924 .
553 2908 566 2922 .
593 2910 605 2923 .
630 2880 737 2922 tam
775 2873 1090 2922 incredibilis
1125 2874 1200 2921 ad
1220 2875 1301 2923 in-

297 2940 650 3003 vestigandum
668 2939 915 3003 sagacitas
939 2940 1175 2988 narium.

367 3006 633 3055 Plautus:
674 3020 740 3053 an
763 3005 1159 3068 acknowledged
1182 3020 1299 3054 con·

299 3079 582 3136 tempos-ary
607 3070 667 3119 of
682 3070 898 3120 NaeviuS.

366 3139 445 3188 61.
482 3145 829 3188 consecutus
856 3147 959 3197 est,
980 3155 1119 3187 came
1134 3139 1282 3203 after.

367 3207 464 3256 Μ’.
494 3206 758 3255 Manilio:
801 3206 1077 3268 asyndeton
1102 3206 1143 3254 is
1166 3221 1301 3269 espe-

298 3275 455 3338 cially·
487 3273 718 3340 frequent
757 3274 812 3323 in
851 3274 1029 3336 noting
1067 3273 1299 3323 consular

296 3358 455 3406 years.
524 3341 601 3391 Cf.
627 3342 715 3404 603
761 3355 846 3407 733
893 3341 980 3407 78;
1020 3348 1068 3390 et
1087 3339 1155 3389 al.

365 3419 655 3461 mortuus:
692 3423 788 3460 13.c.
819 3423 928 3471 149.

366 3479 508 3543 ipsis
522 3501 572 3522 =
593 3480 785 3542 exacthr
799 3496 822 3536 ,·
857 3475 920 3525 cf.
945 3474 1053 3534 161,
1072 3475 1301 3525 triennio

296 3549 439 3612 ipso:
475 3548 553 3595 ad
574 3549 678 3596 Att.
703 3546 805 3596 111.
838 3558 916 3606 21,
946 3544 1166 3608 triginta
1197 3544 1300 3592 dies

291 3620 451 3665 erant
471 3615 584 3679 ipsi.

360 3678 458 3733 16.
510 3681 746 3744 scripta:
809 3679 887 3729 i.e.
921 3676 1154 3744 properly
1187 3693 1298 3728 ora·

286 3746 466 3796 torical
489 3746 728 3809 writings.

356 3812 744 3862 laudationes:
800 3811 977 3861 Cicero
1026 3808 1298 3860 elsewhere

1402 2610 1725 2660 laudationes
1736 2627 1761 2669 ,·
1810 2611 1869 2659 de
1912 2611 2000 2661 Or.
2041 2611 2114 2662 11.
2155 2610 2234 2673 84.
2277 2625 2398 2675 3413

1404 2676 1477 2726 11.
1507 2688 1580 2725 11.
1605 2688 1686 2739 47.

1470 2741 1547 2791 62.
1585 2750 1838 2792 exstant:
1888 2758 1972 2806 eg.
2021 2757 2077 2792 as
2122 2742 2181 2792 of
2223 2744 2408 2794 Fabius

1405 2808 1654 2857 Maximus
1688 2824 1826 2872 upon
1859 2808 1939 2856 his
1972 2824 2083 2869 son,
2114 2810 2173 2858 de
2209 2811 2327 2859 Sen.
2358 2825 2404 2872 4.

1410 2886 1491 2933 123
1546 2875 1647 2923 and
1688 2873 1745 2922 of
1775 2873 1837 2936 Q.
1875 2874 2112 2923 Metellus
2148 2892 2287 2940 upon
2330 2877 2407 2925 his

1402 2939 1579 2999 father,
1608 2939 1732 2988 Plin.
1760 2941 1828 2989 N.
1853 2940 1926 2988 H.
1950 2941 2070 2989 VII.
2098 2955 2177 3004 43.
2209 2955 2313 3004 139.

1468 3006 1823 3056 mendosior:
1881 3006 1944 3056 cf.
1987 3007 2094 3055 Liv.
2136 3008 2282 3057 VIII.
2323 3022 2405 3070 40,

1402 3073 1642 3120 vitiatam
1725 3073 2025 3121 memoriam
2092 3075 2407 3140 funebribus

1400 3138 1640 3187 laudibus
1679 3155 1797 3188 reor
1821 3138 2075 3204 falsisque
2113 3141 2403 3204 imaginum

1402 3206 1579 3265 titulis,
1604 3206 1726 3254 dum
1740 3207 1992 3272 familiae
2017 3207 2093 3254 ad
2113 3223 2162 3256 se
2183 3224 2407 3271 quaeque

1400 3274 1609 3339 samam
1636 3290 1814 3322 rerum
1843 3281 2106 3337 gestarum
2131 3273 2403 3322 bonorum-

1402 3357 1524 3457 21:52.
1540 3341 1778 3457 Ῑέέἕὲἴῗι
1813 3339 2410 3474 ἴὲἑὲἴῗοῗῑηῖἵεῗῗέἓὶ

1392 3477 1599 3538 publica
1627 3484 1956 3526 monumenta
1980 3492 2161 3525 rerum
2180 3476 2403 3541 confusa.

1398 3543 1508 3592 The
1531 3547 1546 3570 ‘
1561 3544 1825 3593 confusion
1844 3544 1858 3569 '
1880 3559 1985 3594 was
2008 3544 2167 3593 easier
2184 3558 2240 3592 as
2261 3542 2402 3591 relia-

1398 3611 1481 3660 ble
1515 3610 1705 3663 historv
1730 3627 1831 3660 was
1855 3611 1915 3661 of
1932 3627 1988 3662 so
2013 3611 2112 3660 late
2134 3610 2330 3674 growth
2352 3615 2405 3658 at

1401 3677 1577 3728 Rome.
1647 3677 1724 3726 Cf.
1751 3677 1875 3741 pres.
1900 3685 1952 3726 to
1980 3676 2196 3742 Seeley’s
2218 3676 2358 3740 Livy.

1464 3758 1700 3807 genera:
1739 3756 1859 3803 212;
1902 3755 2015 3808 331.

1464 3812 1537 3859 ad
1560 3809 1813 3873 plebem:
1862 3824 1917 3857 as
1944 3809 2091 3858 when
2129 3809 2213 3858 the
2249 3809 2399 3873 patri-

287 3877 441 3929 tefers
465 3885 517 3928 to
542 3877 628 3929 the
651 3874 915 3928 oratorical
938 3875 1218 3941 inferiority
1243 3873 1303 3926 of
1398 3874 1512 3926 cian
1542 3874 1748 3924 Clodius
1787 3889 1844 3924 so
1875 3873 2180 3939 laboriously
2215 3875 2402 3940 gained
