2767 4334
273 389 343 442 60

1247 388 1520 439 CICERO.

379 563 582 639 atque
611 552 985 638 praeceptis
1017 552 1390 618 disserendi
1423 553 1592 618 ratio
1624 552 2053 638 coniungitur
2081 573 2232 618 cum
2273 551 2484 618 suavi-

379 667 522 724 tate
545 658 813 724 dieendi
837 666 908 723 et
930 657 1123 742 copia
1146 678 1161 736 3
1192 678 1593 742 quamquam
1619 678 1698 722 ea
1722 658 1866 741 ipsa
1891 657 2481 743 Peripateticorum

382 762 1075 847 Academicorumque
1119 763 1538 828 consuetudo
1590 762 1656 826 in
1712 761 1972 828 ratione
2015 761 2284 829 dicendi
2327 760 2481 826 talis

382 876 505 943 est,
540 876 612 931 ut
660 887 786 934 nec
830 867 1152 951 perficere
1195 876 1526 932 oratorem
1574 867 1786 951 possit
1833 866 1979 950 ipsa
2021 887 2144 951 per
2173 886 2323 932 sese
2357 886 2481 930 nec

383 971 527 1036 sine
558 991 637 1037 ea
668 979 892 1037 orator
913 990 1064 1037 esse
1092 971 1450 1056 perfectus,
1533 971 1709 1036 Nam
1742 979 1818 1036 ut
1853 970 2228 1036 Stoicorum
2260 970 2485 1035 astric-

381 1076 515 1140 tior
572 1084 678 1141 est
741 1073 955 1140 oratio
1020 1074 1496 1160 aliquantoque
1561 1075 1968 1141 contractior
2025 1095 2223 1160 quam
2291 1094 2484 1139 aures

382 1178 610 1263 populi
663 1180 1027 1264 requirunt,
1085 1179 1181 1245 sic
1242 1179 1505 1244 illorum
1571 1178 1843 1244 liberior
1900 1188 1967 1247 et
2030 1179 2227 1244 latior
2285 1196 2479 1263 quam

381 1283 635 1366 patitur
662 1284 1079 1349 consuetudo
1111 1283 1503 1348 iudiciorum
1551 1291 1620 1349 et
1664 1283 1809 1349 fori.
1906 1283 2077 1367 Quis
2119 1283 2300 1348 enim
2332 1284 2484 1347 ube-

285 1416 365 1449 121
381 1388 514 1451 rior
557 1387 626 1451 in
672 1387 955 1453 dicendo
1006 1387 1328 1453 Platone?
1420 1388 1647 1453 Iovem
1703 1387 1800 1453 sic
1852 1385 2042 1452 aiunt
2084 1384 2480 1471 philosophi,

280 2201 371 2316 ἓξ

383 1491 442 1557 si
488 1492 745 1557 Graece
795 1492 1123 1576 loquatur,
1171 1491 1370 1575 loqui.
1468 1491 1642 1576 Quis
1696 1489 2070 1556 Aristotele
2121 1492 2494 1569 nervosior,·

381 1595 852 1679 Theophrasto
896 1595 1201 1661 dulcior?
1292 1596 1744 1660 Lectitavisse
1785 1592 2132 1661 Platonem
2165 1596 2478 1673 studiose,

381 1700 719 1765 audivisse
748 1699 948 1765 etiam
984 1698 1490 1765 Demosthenes
1532 1699 1793 1777 dicitur,
1839 1699 2038 1784 idque
2082 1710 2356 1784 apparet
2403 1721 2484 1766 ex

382 1823 629 1888 genere
673 1813 743 1869 et
787 1804 1169 1889 granditate
1198 1805 1587 1882 verborum3
1634 1804 1795 1868 dicit
1842 1805 2043 1869 etiam
2089 1804 2159 1869 in
2202 1806 2481 1889 quadam

383 1908 673 1992 epistula
715 1909 843 1974 hoc
888 1908 1032 1993 ipse
1075 1910 1163 1972 de
1205 1924 1372 1973 sese.
1459 1908 1604 1981 ⁴Sed
1652 1917 1719 1974 et
1766 1908 1965 1973 huius
2002 1908 2214 1974 oratio
2247 1909 2317 1973 in
2339 1909 2485 1992 ,phi-

380 2011 751 2096 losophiam
796 2010 1123 2078 translata
1166 2012 1550 2097 pugnacior,
1584 2022 1659 2076 ut
1704 2012 1799 2076 ita
1842 2012 2079 2090 dicam,
2112 2012 2377 2078 videtur
2415 2023 2483 2079 et

384 2116 646 2183 illorum
679 2117 749 2182 in
780 2116 1024 2182 iudicia
1052 2116 1366 2201 pacatior.

471 2222 675 2288 Nune
719 2221 1121 2306 reliquorum
1168 2229 1507 2287 oratorum
1551 2229 1828 2297 aetateS,
1865 2220 1923 2286 si
1968 2220 2207 2306 placet,
2241 2229 2312 2287 et
2342 2242 2485 2306 gra-

383 2328 509 2391 dus
561 2325 1076 2410 persequamur.'
1193 2333 1210 2362 ‘
1230 2325 1449 2391 Nobis
1500 2324 1699 2402 ver0‚’
1751 2324 1971 2410 inquit
2021 2325 2319 2403 Atticus,
2379 2334 2396 2362 ‘
2414 2335 2482 2391 et

381 2432 819 2497 vehementer
862 2429 1147 2514 quidem,
1198 2438 1270 2493 ut
1317 2449 1439 2513 pro
1485 2430 1695 2494 Bruto
1744 2429 1948 2494 etiam
2003 2428 2481 2515 respondeam.'

387 2542 405 2572 ‘
424 2533 629 2600 Curio
679 2530 810 2621 fuit
862 2533 1068 2618 igitur
1119 2533 1419 2599 eiusdem
1472 2533 1715 2599 aetatis
1767 2532 1912 2598 fere
1963 2553 2126 2599 sane
2185 2533 2485 2599 inlustris

381 2646 622 2716 orator,
661 2637 853 2703 cuius
898 2638 983 2703 de
1028 2625 1301 2722 ingenio
1347 2658 1430 2702 ex
1474 2636 1886 2703 orationibus
1931 2637 2077 2702 eius
2124 2637 2486 2703 existimari

294 2821 301 2826 α
379 2846 580 2909 school3
622 2845 686 2898 cf.
711 2858 827 2909 1493
870 2857 982 2910 332.
1046 2845 1160 2897 The
1175 2846 1317 2897 word
1337 2847 1383 2897 is
1483 2847 1626 2911 longe
1664 2845 1900 2896 omnium
1941 2844 2003 2896 in
2042 2845 2252 2896 dicendo
2281 2847 2485 2912 gravis-

379 2914 576 2963 oftener
629 2913 745 2962 thus
801 2912 927 2963 used
982 2912 1048 2976 by
1104 2912 1192 2962 the
1244 2918 1382 2978 post·
1481 2915 1610 2962 simo
1642 2920 1692 2961 et
1721 2912 2161 2976 eloquentissimo,·
2215 2913 2306 2964 Or.
2344 2925 2387 2962 1.
2422 2924 2477 2979 5;

378 2982 644 3043 Augustani
675 2978 890 3038 writers3
943 2993 1021 3043 eg
1019 2977 1239 3041 .Quint.
1280 2978 1380 3028 111.
1488 2991 1563 3041 19.
1588 2978 1677 3039 62,
1719 2977 1894 3042 Quint.
1918 2977 1984 3028 X.
2015 2990 2057 3027 1.
2081 2978 2162 3029 81.

385 3045 517 3096 1.18
550 3045 653 3095 and
688 3056 774 3104 223
816 3044 880 3095 V.
939 3081 952 3094 .
976 3055 1064 3109 35;
1107 3044 1169 3094 V.
1197 3056 1271 3109 ¹3·
1302 3056 1382 3160 59f.
1548 3045 1661 3095 sic:
1700 3051 1753 3094 to
1776 3044 1841 3094 be
1863 3044 2018 3095 taken
2038 3044 2162 3095 with
2183 3044 2356 3110 loqui.

383 3112 526 3161 Secta
559 3132 609 3154 =
645 3126 677 3161 a
710 3117 798 3159 cut
827 3125 885 3159 or
1003 3116 1089 3159 ten
1121 3126 1238 3174 way
1549 3111 1900 3174 granditate.
1945 3122 2027 3173 29.

380 3178 531 3242 Verg.
553 3179 684 3227 Aen.
708 3175 921 3239 VI.899
822 3175 945 3239 8993
994 3175 1166 3239 Quint.
1201 3176 1303 3226 111.
1316 3110 1381 3225 cr.
1549 3177 1834 3241 epistula
1895 3176 1960 3228 cf.
2012 3177 2105 3227 Or.
2154 3190 2205 3239 4.
2259 3187 2336 3254 15,
2384 3176 2485 3226 and

386 3257 463 3306 14.
517 3243 596 3293 Cf.
620 3243 708 3293 the
729 3241 814 3291 old
840 3241 1194 3293 ecclesiastical
1218 3257 1306 3292 use
1328 3241 1389 3291 of
1484 3242 1693 3307 Sandys’
1695 3258 1720 3292 s
1754 3250 1890 3293 note.
1965 3243 2093 3293 This
2130 3242 2276 3293 letter
2312 3243 2358 3292 is
2396 3249 2486 3291 not·

378 3325 496 3373 way
516 3308 594 3358 for
617 3308 704 3359 the
763 3308 1003 3374 rinciples
1028 3310 1132 3360 and
1164 3308 1383 3374 practice
1485 3315 1670 3369 extant,
1703 3310 1823 3369 and,
1863 3309 1969 3360 like
2006 3310 2176 3359 others
2214 3308 2486 3358 attributed

379 3375 441 3425 of
457 3391 489 3424 a
509 3382 615 3425 sect
638 3390 696 3425 or
719 3324 1115 3426 Xenomination.
1485 3381 1539 3423 to
1561 3375 1950 3436 Demosthenes,
1971 3390 2075 3425 was
2104 3374 2348 3440 probably
2370 3389 2485 3440 spu·

446 3441 655 3491 oratio:
699 3454 817 3503 1213
862 3442 984 3508 2653
1028 3440 1155 3491 282·
1189 3461 1241 3485 =
1265 3441 1385 3505 style
1483 3440 1635 3491 rious.

330 3534 335 3539 ·
379 3506 442 3558 of
455 3506 720 3573 speaking.
1550 3507 1891 3571 pugnacior.
1941 3505 2001 3556 de
2029 3506 2118 3556 Or.
2154 3507 2225 3556 ΙΙ.
2252 3506 2330 3574 78.
2354 3520 2475 3575 3173

445 3572 639 3624 latior.
683 3573 775 3625 Or.
800 3585 880 3638 32.
909 3586 1026 3636 1143
1069 3573 1275 3623 deFin.
1310 3572 1382 3622 11.
1482 3572 1659 3637 Quint.
1683 3573 1779 3623 IX.
1802 3586 1853 3635 4.
1880 3572 1975 3627 126
1996 3573 2099 3623 and
2126 3586 2233 3638 ¹30·

381 3637 430 3689 6.
459 3651 536 3704 17.
1549 3636 1650 3693 82.
1714 3651 1825 3692 122.
1870 3641 2111 3704 gradus.
2174 3639 2292 3703 1863
2355 3639 2478 3709 2853
2559 3704 2566 3709 ,

446 3706 802 3757 consuetudo
821 3705 1188 3757 iudiciorum.
1214 3705 1279 3755 cf.
1295 3703 1384 3755 the
1482 3704 1594 3771 Juv.
1623 3704 1690 3755 xi.
1723 3706 1815 3770 463
1858 3707 1923 3757 cf.
1948 3707 2059 3758 281.

382 3771 666 3836 equivalent
684 3773 974 3840 expression
993 3773 1260 3823 iudicialis
1275 3788 1387 3822 con·
1551 3773 1748 3825 nobis.
1784 3789 1855 3826 sc.
1879 3774 2079 3840 placet.

381 3838 601 3897 suetudo,
619 3846 719 3902 pro
739 3841 896 3890 Arck.
925 3852 1000 3889 12.
1014 3851 1151 3903 -.32
1553 3839 1752 3891 Curio.
1816 3856 1851 3892 a
1903 3847 2144 3891 sentence
2197 3839 2243 3890 is
2297 3838 2485 3907 quoted

454 3914 560 3950 121.
598 3903 864 3956 Platone:
915 3905 975 3956 de
1005 3906 1095 3955 Or.
1124 3906 1167 3955 1.
1205 3917 1278 3954 11.
1301 3916 1384 3969 47,
1487 3903 1617 3954 from
1638 3905 1759 3967 him,
1784 3907 1844 3956 de
1865 3907 1981 3957 [ην.
2007 3907 2049 3956 1.
2067 3918 2148 3969 43.
2174 3905 2253 3957 80.
