2767 4334
1266 388 1553 439 BRUTUS.
2451 388 2520 441 49

314 552 762 637 geniosissimi
793 561 860 617 et
892 572 1098 635 prope
1134 552 1446 637 aequales
1480 553 1553 619 C.
1591 553 1812 619 Carbo
1842 562 1910 618 et
1943 553 2049 618 Ti.
2083 554 2426 619 Gracchus

313 657 540 721 audire
571 656 752 721 soliti
784 665 942 721 sunt
968 677 984 735 ;
1028 658 1111 721 de
1143 657 1384 740 quibus
1419 656 1548 721 iam
1582 657 1847 723 dicendi
1876 656 2064 724 locus
2095 658 2240 735 erit,
2274 679 2423 723 cum

314 763 397 826 de
449 760 823 826 senioribus
875 781 1087 844 pauca
1138 761 1380 826 dixero,
1502 763 1588 846 Q.
1644 761 1822 827 enim
1885 761 2237 845 Pompeius
2290 783 2424 827 non

314 875 740 948 contemptus
800 875 1023 930 orator
1080 865 1494 948 temporibus
1555 865 1686 930 illis
1745 864 1894 944 fuit,
1955 865 2071 951 qui
2128 887 2424 932 summos

313 970 599 1034 honores
637 970 835 1034 homo
882 990 999 1054 per
1043 990 1118 1035 se
1163 970 1475 1054 cognitus
1506 970 1655 1036 sine
1685 970 1818 1036 ulla
1849 970 2425 1036 commendatione

315 1074 633 1138 maiorum
681 1083 786 1138 est
832 1075 1133 1157 adeptus
1227 1074 1403 1138 Tum
1453 1075 1529 1139 L.
1582 1074 1856 1140 Cassius
1889 1075 2173 1139 multum
2205 1076 2423 1160 potuit
2454 1105 2512 1148 97

313 1199 447 1241 non
495 1177 890 1262 eloquentia,
927 1178 1046 1242 sed
1091 1177 1373 1242 dicendo
1419 1188 1688 1257 tamen3
1731 1178 1933 1243 homo
1979 1198 2118 1244 non
2150 1179 2426 1244 liberali·

314 1292 474 1359 tate,
527 1292 600 1346 ut
649 1281 778 1359 alii,
832 1273 948 1346 sed
999 1281 1142 1365 ipsa
1194 1281 1471 1346 tristitia
1523 1292 1591 1347 et
1647 1282 2004 1347 severitate
2051 1283 2425 1367 popularis3

314 1386 502 1452 cuius
548 1386 814 1470 quidem
861 1386 993 1471 legi
1040 1386 1423 1451 tabellariae
1456 1387 1546 1452 M.
1584 1386 1837 1451 Antius
1885 1386 2075 1451 Briso
2115 1387 2424 1453 tribunus

313 1490 527 1575 plebis
572 1491 687 1556 diu
732 1490 1000 1568 restitit,
1037 1492 1127 1555 M.
1168 1490 1424 1574 Lepido
1473 1490 1745 1555 consule
1777 1491 2172 1570 adiuvante;
2217 1513 2426 1576 eaque

314 1615 420 1661 res
468 1596 532 1661 P.
576 1592 901 1660 Africano
931 1594 1405 1679 vituperationi
1435 1595 1584 1672 fuit,
1617 1595 1794 1680 quod
1838 1595 1982 1660 eius
2027 1597 2426 1661 auctoritate

313 1701 398 1765 de
442 1699 781 1764 sententia
824 1701 1150 1764 deductus
1199 1700 1392 1764 Briso
1428 1700 1806 1783 putabatur.
1897 1700 2072 1764 Tum
2104 1702 2235 1765 duo
2269 1701 2428 1766 Cae-

313 1804 548 1888 piones
597 1803 881 1869 multum
932 1804 1213 1869 clientes
1262 1804 1543 1870 consilio
1595 1814 1663 1869 et
1712 1804 1959 1888 lingua,
2010 1804 2159 1887 plus
2208 1815 2428 1869 aucto-

314 1909 513 1973 ritate
557 1918 783 1973 tamen
830 1918 898 1973 et
944 1908 1160 1992 gratia
1191 1908 1649 1973 sublevabant.
1746 1908 1895 1974 Sex,
1937 1908 2230 1992 Pompeii
2270 1920 2429 1974 sunt

314 2014 566 2097 scripta
624 2033 749 2078 nec
810 2012 1010 2078 nimis
1071 2013 1479 2088 extenuata,'
1507 2032 1906 2097 quamquam
1958 2021 2261 2078 veterum
2322 2023 2425 2089 est

314 2117 568 2196 similis,
595 2126 661 2181 et
687 2116 885 2200 plena
913 2116 1321 2200 prudentiae.
1421 2118 1485 2182 P.
1517 2117 1833 2182 Crassum
1858 2116 2049 2182 valde
2071 2119 2423 2205 probatum

313 2231 641 2286 oratorem
688 2220 941 2287 eisdem
988 2221 1128 2285 fere
1174 2221 1585 2303 temporibus
1631 2220 2027 2304 accepimuS,
2064 2221 2175 2306 qui
2222 2232 2290 2287 et
2337 2223 2430 2287 in-

311 2325 514 2409 genio
542 2325 750 2390 valuit
797 2334 867 2390 et
912 2324 1134 2389 studio
1166 2334 1236 2389 et
1266 2325 1498 2389 habuit
1529 2324 1850 2410 quasdam
1883 2325 2085 2391 etiarn
2118 2327 2430 2393 domesti-

2439 2099 2516 2153 26

2446 2168 2504 2224 98

378 2523 479 2573 per
500 2508 876 2572 secognitus:
915 2507 979 2558 cf.
998 2509 1060 2559 in
1086 2509 1231 2559 Verr.
1247 2510 1319 2559 11.
1489 2508 1848 2561 auctoritate·
1886 2508 1951 2560 cf.
1982 2508 2042 2560 de
2070 2510 2426 2578 Leg.111.16.

314 2586 359 2639 5.
410 2587 485 2638 70.
533 2573 640 2633 181,
694 2576 753 2636 Q.
800 2576 1082 2640 Pompeius,
1126 2575 1321 2624 humili
1425 2588 1504 2640 37,
1530 2577 1731 2625 Cassiae
1751 2576 1871 2640 legis
1888 2577 2091 2640 culpam
2118 2579 2289 2643 Scipio
2309 2586 2429 2629 tuus

311 2647 463 2706 atque
486 2641 686 2690 obscuro
708 2642 808 2689 loco
837 2648 1030 2698 natus,·
1056 2643 1116 2690 in
1148 2644 1254 2691 Cat.
1276 2642 1317 2691 I.
1421 2642 1646 2702 sustinet,
1669 2658 1769 2708 quo
1790 2648 1995 2692 anctore
2026 2644 2135 2693 lata
2170 2661 2267 2694 esse
2301 2646 2429 2694 dici-

316 2718 336 2754 1
352 2718 390 2754 1.
417 2705 497 2766 28,
521 2713 567 2756 te
587 2707 840 2756 hominem
855 2714 955 2771 per
977 2714 1023 2755 te
1045 2708 1317 2771 cognitum,
1422 2714 1528 2756 tur.

313 2772 465 2822 nulla
497 2772 923 2822 commendatione
957 2774 1128 2822 maior
1132 2788 1235 2832 um,
1253 2798 1318 2809 —
1489 2775 1629 2823 duo·
1667 2773 1760 2823 Cn.
1785 2774 1885 2823 and
1909 2774 1997 2838 Q.;

309 2838 492 2897 where,
539 2853 594 2887 as
652 2838 935 2900 elsewhere,
986 2839 1161 2888 Cicero
1218 2854 1318 2888 was

309 2903 472 2968 proud
495 2909 549 2952 to
572 2903 668 2952 call
693 2904 898 2953 himself
925 2921 956 2954 a
980 2920 1141 2953 novus
1160 2905 1317 2954 homo.

375 2982 452 3032 97.
495 2970 744 3020 tristitia.
784 2982 899 3033 1133
939 2971 997 3019 de
1027 2971 1115 3018 Or.
1141 2970 1210 3020 ΙΙ.
1237 2970 1316 3048 58.

2040 2775 2125 2825 the
2154 2775 2300 2826 latter
2325 2794 2427 2827 was

1421 2839 1576 2888 noted
1615 2839 1691 2889 sor
1724 2839 1802 2889 his
1838 2811 2027 2904 perfidy
2062 2848 2113 2890 to
2136 2841 2421 2893 Viriathus·

1420 2905 1483 2954 cs.
1507 2905 1620 2954 Val.
1644 2906 1779 2954 Max.
1809 2905 1901 2954 IX.
1927 2905 1974 2955 6.
1998 2921 2045 2968 4.

1488 2971 1772 3035 Pompeii.
1826 2972 2069 3049 probably
2115 2973 2199 3023 the
2243 2976 2423 3037 grand·

311 3035 429 3098 2365
473 3035 532 3083 de
568 3037 701 3083 Am.-
733 3035 805 3085 18.
844 3036 922 3085 66.
1003 3038 1076 3086 As
1111 3052 1177 3085 an
1213 3037 1315 3101 epi-

307 3101 417 3150 thet
450 3101 509 3150 of
538 3102 678 3165 style,
706 3103 869 3152 tristis
890 3119 993 3152 was
1023 3119 1054 3152 a
1086 3099 1316 3165 stronger

306 3169 446 3218 word
472 3170 595 3217 than
617 3185 854 3225 severus:
889 3168 1060 3232 Quint.
1086 3169 1208 3218 XII.
1239 3182 1312 3218 ιο.

306 3234 389 3295 8ο,
433 3252 621 3295 severa,
680 3253 783 3285 non
844 3237 1034 3301 tristia.
1114 3235 1314 3285 Cassius

305 3318 433 3367 gave
468 3319 708 3366 currency
731 3312 784 3353 to
818 3303 904 3352 the
940 3303 1135 3352 famous
1169 3317 1311 3367 ques-

308 3370 431 3429 tion,
476 3371 579 3419 Cui
613 3371 778 3420 bono?
822 3377 925 3434 pro
958 3370 1080 3419 Mil.
1122 3381 1195 3417 12.
1232 3381 1312 3431 32,

307 3437 451 3487 illud
467 3438 774 3487 Cassianum
787 3453 810 3493 ,·
835 3436 896 3486 cf.
911 3443 1015 3501 pro
1035 3436 1175 3486 Rosc.
1193 3437 1310 3484 Am.

308 3503 722 3620 30taglftellariae:
750 3581 846 3619 B..c
867 3581 976 3634 137,
994 3568 1314 3631 introducing

306 3636 392 3686 the
420 3643 537 3685 vote
571 3636 636 3700 by
660 3635 861 3685 ballot
846 3651 901 3685 m
935 3635 1019 3684 the
1057 3635 1310 3685 iudicium

310 3703 532 3767 populi:
568 3703 644 3752 i.e.
669 3701 836 3752 where
865 3717 1005 3751 cases
1027 3716 1158 3749 were
1187 3699 1313 3749 tried

304 3768 358 3817 in
394 3768 480 3817 the
516 3768 722 3818 comitia
755 3767 821 3832 by
856 3768 941 3816 the
975 3767 1139 3816 whole
1178 3766 1313 3828 body

306 3833 367 3883 of
395 3833 481 3883 the
509 3833 708 3899 people.
777 3834 1066 3883 perduellio
1095 3846 1197 3882 was
1231 3847 1311 3881 ex·

305 3900 505 3966 cepted,
527 3899 617 3950 but
637 3899 874 3950 included
895 3897 1130 3949 B.C.108.
1184 3940 1191 3946 .
1222 3944 1227 3950 .

1419 3036 1581 3086 father
1605 3037 1663 3085 of
1680 3037 1765 3085 the
1790 3037 2029 3087 triumvir.

1483 3111 1800 3162 extenuata,
1826 3119 2038 3168 meagre.

1483 3165 1582 3223 26.
1617 3168 1699 3232 98.
1736 3169 2115 3221 domesticas:
2150 3171 2204 3221 in
2223 3173 2307 3221 the
2326 3180 2425 3223 two

1415 3235 1758 3299 departments
1775 3235 1833 3284 of
1854 3241 2050 3299 oratory
2067 3237 2205 3286 and
2187 3239 2424 3303 jurispru-

1415 3301 1591 3361 dence,
1609 3316 1667 3351 as
1682 3302 1769 3350 the
1787 3307 1904 3350 next
1925 3309 2161 3352 sentence
2183 3305 2423 3368 explains,

1414 3369 1498 3416 An
1531 3339 1667 3433 adop
1667 3368 1752 3417 ted
1775 3368 2008 3427 ',Crassus
2031 3367 2097 3417 he
2124 3369 2273 3419 allied
2300 3371 2424 3419 him-

1414 3433 1513 3483 self
1541 3440 1596 3483 to
1629 3450 1695 3485 an
1730 3434 1812 3485 elo
1849 3442 1968 3485 uent
1993 3404 2197 3498 family,
2239 3436 2304 3485 he
2338 3438 2424 3485 be·

1414 3500 1601 3564 longed
1634 3500 1701 3564 by
1728 3500 1825 3551 birt
1898 3509 1950 3552 to
1987 3519 2018 3552 a
2047 3500 2215 3566 family
2238 3502 2299 3552 of
2326 3503 2423 3553 dis-

1414 3566 1704 3630 tinguished
1721 3566 1907 3630 jurists.
1979 3569 2065 3618 He
2087 3584 2191 3618 was
2212 3568 2344 3618 cited
2370 3585 2423 3618 as

1416 3649 1481 3682 an
1507 3633 1894 3699 extraordinary
1935 3635 2178 3699 recipient
2224 3635 2283 3684 of
2325 3635 2423 3684 for-

1415 3694 1552 3748 tune'
1553 3714 1578 3749 s
1601 3698 1782 3760 favore,
1807 3699 1862 3750 in
1891 3700 1997 3749 that
2020 3700 2086 3750 he
2108 3717 2210 3750 was
2234 3702 2422 3751 ditissi-

1416 3781 1545 3824 mus,
1583 3765 1942 3824 nobilissimus,
1973 3766 2421 3830 eloquentissimus,

1418 3801 1973 3892 iuriis-consultissimus,
2027 3832 2130 3881 and
2186 3834 2423 3900 pontifex

1416 3896 1715 3954 maximus,·
1750 3892 1879 3947 Geli.
1902 3896 2052 3963 1.13
