2767 4334
239 333 308 388 40

236 1039 301 1111 ⁸0.

1210 329 1483 385 CICERO.

328 500 563 578 tulum,
587 499 700 585 qui
732 520 882 565 cum
921 499 996 564 C.
1035 499 1274 583 Figulo
1306 498 1540 564 consul
1572 496 1738 577 fuit3
1786 498 1867 584 Q.
1899 497 2313 565 Nobiliorem
2348 498 2438 564 M.

326 605 372 671 f.
422 605 553 669 iam
606 604 822 688 patrio
875 603 1188 669 instituto
1240 604 1542 668 deditum
1598 603 1818 669 studio
1878 603 2268 682 litterarum,
2332 605 2443 688 qui

325 709 528 774 etiam
564 709 645 793 Q.
685 708 1000 786 Ennium,
1035 708 1148 792 qui
1192 729 1343 773 curn
1385 717 1578 791 patre
1614 707 1758 773 eius
1798 707 1869 772 in
1902 707 2176 773 Aetolia
2212 708 2445 773 milita-

324 823 531 893 verat,
565 813 837 878 civitate
882 812 1173 891 donavit,
1223 832 1375 877 cum
1423 812 1729 877 triumvir
1771 811 2099 878 coloniam
2144 813 2445 878 deduxis-

327 927 475 996 set;
535 927 604 982 et
649 918 729 983 T.
767 916 1071 982 Annium
1120 916 1437 994 Luscum,
1471 917 1669 981 huius
1702 917 1785 1001 Q.
1825 915 2044 981 Fulvii
2075 918 2438 1002 conlegam,

324 1042 457 1085 non
490 1021 887 1086 indisertum
930 1021 1162 1086 dicunt
1207 1020 1435 1086 fuisse.
1528 1020 1761 1104 Atque
1801 1020 2003 1086 etiam
2044 1022 2121 1086 L.
2158 1021 2438 1098 PaulluS,

250 1118 295 1203 a}
323 1125 632 1191 Africani
680 1135 887 1209 pater,
935 1145 1288 1208 personam
1339 1124 1658 1208 principis
1705 1123 1869 1190 civis
1915 1125 2112 1190 facile
2160 1125 2442 1190 dicendo

264 1254 287 1281 Q

258 1288 285 1339 k

236 1212 649 1294 '³'tuebatur.
734 1230 825 1294 Et
869 1224 1028 1294 vero
1073 1228 1275 1294 etiam
1313 1239 1459 1294 tum
1504 1229 1762 1295 Catone
1800 1227 2188 1313 vivo—qui
2229 1250 2441 1294 annos

319 1334 613 1418 quinque
658 1343 725 1398 et
771 1334 1118 1417 octoginta
1163 1343 1361 1398 natus
1401 1333 1686 1398 excessit
1726 1353 1763 1398 e
1800 1333 1953 1409 vita,
1990 1354 2140 1398 cum
2173 1334 2438 1417 quidem

319 1458 400 1501 eo
447 1437 592 1521 ipso
637 1458 814 1502 anno
859 1447 1093 1502 contra
1140 1438 1281 1503 Ser.
1337 1437 1619 1502 Galbam
1673 1438 1757 1501 ad
1810 1438 2128 1521 populum
2183 1459 2442 1504 summa

319 1541 752 1607 contentione
796 1541 1093 1619 dixisset,
1128 1562 1326 1625 quam
1360 1542 1564 1607 etiarn
1595 1541 1965 1606 orationem
1998 1542 2313 1625 scriptam
2347 1563 2441 1607 re-

232 1625 305 1738 {1¹
323 1645 758 1730 liquit—sed
804 1646 954 1710 vivo
1002 1646 1261 1710 Catone
1306 1644 1600 1710 minores
1645 1655 1810 1710 natu
1859 1645 2050 1709 multi
2100 1666 2233 1710 uno
2276 1656 2440 1711 tem-

317 1770 478 1834 pore
532 1760 828 1814 oratores
881 1749 1267 1814 floruerunt.
1365 1751 1540 1813 Nam
1596 1759 1663 1814 et
1719 1749 1804 1813 A.
1857 1749 2170 1826 Albinus,
2218 1749 2278 1814 is
2326 1751 2437 1834 qui

318 1854 575 1920 Graece
624 1854 892 1938 scripsit
941 1853 1307 1931 historiam,
1364 1853 1479 1938 qui
1531 1853 1765 1918 consul
1820 1874 1970 1918 cum
2026 1853 2102 1919 L.
2157 1854 2468 1929 Lucullo

314 1959 461 2035 fuit,
515 1968 582 2023 et
632 1958 969 2023 litteratus
1018 1966 1086 2022 et
1139 1957 1431 2023 disertus
1484 1957 1653 2036 fuit;
1721 1968 1787 2022 et
1842 1958 2060 2023 tenuit
2106 1979 2256 2023 cum
2307 1960 2436 2025 hoc
2528 2043 2533 2047 ·

270 2138 276 2144 ι
312 2064 530 2128 locum
577 2063 908 2147 quendam
953 2061 1156 2127 etiam
1205 2062 1345 2128 Ser.
1387 2062 1681 2140 Fulvius,
1714 2072 1781 2126 et
1825 2082 1957 2126 una
2004 2062 2142 2128 Ser.
2182 2063 2433 2128 Fabius

315 2169 553 2244 Pictor,
589 2176 655 2232 et
688 2166 849 2231 iuris
883 2176 949 2231 et
980 2166 1351 2231 litterarum
1385 2176 1453 2230 et
1485 2166 1905 2251 antiquitatis
1935 2166 2108 2231 bene
2137 2167 2393 2249 peritus
2418 2190 2433 2246 ;

315 2272 743 2355 Quintusque
777 2270 1026 2335 Fabius
1077 2271 1302 2335 Labeo
1333 2270 1461 2335 fuit
1495 2280 1769 2336 ornatus
1800 2269 2050 2335 eisdem
2104 2270 2245 2335 fere
2298 2272 2432 2336 lau-

309 2377 524 2440 dibus.
621 2376 794 2439 Nam
830 2375 912 2459 Q.
950 2374 1285 2451 MetelluS,
1321 2375 1377 2439 is
1412 2375 1599 2440 cuius
1636 2385 1951 2459 quattuor
1980 2374 2099 2439 filii
2131 2376 2429 2440 consula-

309 2539 553 2599 addition,
577 2541 680 2589 and
702 2539 882 2591 Cicero
913 2540 1066 2590 chose
1101 2547 1153 2589 to
1188 2547 1314 2590 treat

1486 2540 1763 2591 minores.
1811 2539 1898 2589 the
1926 2538 2097 2604 junior
2130 2547 2425 2606 contempo-

307 2607 413 2655 itas
429 2605 611 2670 partos
622 2606 707 2654 the
721 2607 1012 2671 quotation.
1035 2606 1090 2657 cf
1100 2607 1319 2656 donavit
1419 2607 1571 2655 raries
1594 2605 1653 2655 of
1669 2606 1819 2665 Cato;
1861 2605 1926 2655 cf.
1942 2606 2269 2669 grandiores,
2293 2619 2370 2673 77.

306 2672 696 2788 beigvgtituto-
648 2759 697 2768 -
717 2738 947 2787 ‘scheme
961 2737 1020 2787 of
1031 2739 1252 2802 training

306 2740 1308 2882 cf.31;1013Quint.1.1.16,fg0r

307 2871 552 2918 mandam
601 2886 757 2934 quam
810 2870 1012 2934 optimis
1058 2871 1309 2920 institutis

305 2945 518 2985 mentem
566 2937 627 2985 in
651 2938 857 2986 antium
905 2935 1148 2993 iudicat:
1206 2938 1306 2985 and

306 3002 391 3051 the
414 3001 520 3051 title
543 3002 603 3051 of
656 3003 699 3051 is
716 3002 872 3061 work,
896 3001 955 3049 de
978 3002 1308 3052 Institutione

311 3068 558 3116 Oratoria
606 3068 758 3117 Libri
801 3068 930 3117 XII.
1019 3067 1130 3116 The
1169 3067 1306 3117 eider

301 3134 533 3183 Nobilior
555 3143 657 3183 was
680 3133 739 3183 of
755 3133 841 3183 the
858 3133 1124 3197 Grecizing
1146 3140 1304 3198 party.

367 3200 730 3250 militaverat:
788 3211 884 3248 13.c.
927 3199 1042 3261 189;
1102 3200 1168 3249 cf.
1203 3207 1306 3263 pro

301 3267 456 3315 Arch.
486 3278 505 3313 1
519 3278 559 3314 1.
586 3278 664 3330 27.

367 3332 629 3381 donavit:
684 3348 715 3381 a
754 3332 890 3394 right
924 3332 1213 3397 pertaining
1249 3336 1302 3380 to

301 3398 385 3446 the
418 3399 698 3447 triumviri
732 3399 955 3447 coloniae
988 3398 1304 3446 deducendae

300 3479 357 3511 or
378 3465 660 3513 triumviri
683 3479 807 3528 agro
829 3464 1011 3512 dando.

366 3529 443 3578 80.
481 3543 814 3595 personam.
858 3529 964 3595 165.

357 3596 629 3646 dicendo:
673 3597 780 3646 Liv.
815 3596 980 3646 XLV.
1016 3609 1097 3658 40,
1134 3611 1309 3645 memo-

289 3663 475 3711 rabilis
497 3664 607 3711 eius
629 3663 795 3712 oratio
816 3669 865 3711 et
890 3663 1051 3727 digna
1074 3664 1308 3711 Romano

287 3726 676 3791 principesuit.

364 3790 462 3846 21.
509 3791 590 3842 81.
626 3792 757 3842 ned.
816 3790 1070 3854 resuming
1108 3791 1236 3841 after
1269 3809 1299 3842 a

297 3857 599 3920 digression,
640 3858 703 3906 cf.
728 3857 807 3919 64.

1484 2673 1744 2731 disertum
1778 2672 1882 2721 and
1915 2673 2190 2748 eloquens
2225 2673 2418 2723 below.

1416 2739 1474 2787 de
1499 2739 1588 2787 Or.
1614 2738 1655 2786 1.
1682 2749 1763 2788 21.
1786 2749 1867 2800 94,
1890 2738 2112 2802 scripsi.
2178 2739 2424 2788 ‚disertos

1415 2820 1634 2868 cognosse
1678 2819 1756 2853 me
1792 2803 2078 2863 nonnullos,
2115 2805 2419 2869 eloquentem

1413 2871 1578 2919 adhuc
1610 2872 1883 2928 neminem,
1922 2869 2062 2933 quod
2087 2886 2202 2919 eum
2237 2878 2419 2920 statue-

1411 2936 1524 2984 bam
1548 2936 1811 2995 disertum,
1837 2937 1931 2999 qui
1947 2943 2112 2999 posset
2129 2939 2253 2986 satis
2273 2947 2421 2988 acute

1411 3009 1563 3066 atque
1595 3002 1821 3050 dilucide
1856 3003 2001 3066 apud
2032 3003 2301 3052 mediocres
2333 3006 2415 3053 ho-

1412 3069 1576 3117 mines
1607 3084 1672 3116 ex
1706 3070 1971 3117 communi
2008 3069 2234 3134 quadam
2276 3072 2418 3134 opin—

1412 3135 1527 3183 ione
1567 3135 1836 3183 hominum
1888 3135 2063 3194 dicere,
2106 3135 2413 3200 eloquentem

1409 3216 1543 3259 vero,
1590 3202 1686 3265 qui
1730 3201 2058 3251 mirabilius
2078 3209 2127 3250 et
2172 3204 2414 3269 magnifi-

1408 3268 1604 3316 centius
1630 3282 1817 3331 augere
1838 3274 2002 3345 posset
2033 3275 2188 3332 atque
2218 3284 2414 3318 ornare

1407 3347 1541 3396 quae
1572 3332 1730 3392 vellet,
1767 3335 2030 3398 omnisque
2064 3335 2298 3384 omnium
2334 3351 2412 3384 re·

1407 3414 1547 3457 rum,
1593 3415 1725 3463 quae
1770 3399 1847 3447 ad
1881 3400 2151 3449 dicendum
2188 3402 2414 3465 pertine·

1407 3471 1527 3512 rent
1525 3466 1721 3530 ,fontis
1742 3466 1921 3514 animo
1942 3481 2003 3513 ac
2025 3468 2275 3516 memoria
2297 3483 2412 3517 con·

1405 3531 1603 3587 tineret.
1695 3531 1784 3580 Or.
1832 3542 1878 3596 5.
1929 3530 2012 3592 183
2072 3530 2414 3593 W11kins,de

1414 3596 1501 3644 Or.
1526 3595 1604 3646 l..c

1472 3663 1724 3712 Fabius.
1796 3667 1885 3711 not
1942 3664 2027 3712 the
2082 3663 2217 3713 well·
2218 3663 2408 3714 known

1388 3788 1394 3793 .
1405 3728 1633 3777 annalist.

1472 3795 1767 3844 Metellae.
1806 3794 1868 3844 cs.
1904 3796 2052 3846 Tusc.
2075 3797 2119 3846 1.
2143 3808 2221 3862 35.
2246 3796 2326 3863 85.

1470 3859 1596 3909 filii·
1657 3860 1797 3909 these
1842 3861 1955 3911 four
1998 3876 2117 3910 sons
2162 3863 2285 3911 bore
2330 3865 2409 3914 his
