2767 4334
1271 394 1561 445 BRUTUS.
2421 393 2517 445 139

400 563 576 628 Tum
610 564 875 639 BrutuS,
907 561 1248 627 ‘Atticum
1282 560 1395 637 se,’
1430 560 1664 643 inquit,
1704 567 1719 594 ‘
1742 559 1986 623 Calvus
2019 566 2251 622 noster
2280 558 2409 622 dici
2430 575 2515 632 284

315 677 643 732 oratorem
689 667 995 744 volebat3
1048 667 1205 730 inde
1250 675 1393 729 erat
1441 665 1570 727 ista
1616 663 1891 739 exilitaS,
1927 683 2124 746 quam
2171 662 2282 727 ille
2329 665 2413 727 de

313 772 638 837 industria
683 767 1255 855 consequebatur.’
1353 777 1368 804 ‘
1391 766 1716 844 Dicebat,’
1766 767 2056 851 inquam,
2097 767 2242 844 ‘ita,
2294 768 2412 831 sed

313 886 382 940 et
419 876 562 959 ipse
599 876 860 940 errabat
900 885 966 939 et
1003 875 1168 939 alios
1216 873 1418 938 etiam
1466 893 1685 937 errare
1732 872 2029 956 cogebat.
2132 872 2309 935 Nam
2356 871 2413 934 si

314 980 462 1063 quis
509 1000 643 1056 eos,
677 980 790 1064 qui
836 1000 960 1059 nec
1006 978 1232 1061 inepte
1279 977 1510 1042 dicunt
1557 996 1682 1041 nec
1728 976 1957 1040 odiose
1999 996 2123 1039 nec
2160 976 2407 1059 putide,

313 1077 547 1148 Attice
592 1093 785 1167 putat
832 1084 1073 1160 dicere,
1108 1082 1166 1146 is
1197 1092 1380 1146 recte
1414 1081 1542 1145 nisi
1575 1080 1885 1144 Atticum
1931 1081 2166 1162 probat
2210 1080 2414 1144 nemi-

315 1207 486 1252 nem.
584 1187 1042 1252 Insulsitatem
1081 1186 1258 1250 enim
1298 1195 1365 1250 et
1407 1183 1832 1249 insolentiam
1870 1194 2208 1268 tamquam
2245 1184 2415 1249 insa-

314 1292 490 1355 niam
523 1293 855 1375 quandam
887 1292 1203 1355 orationis
1237 1290 1395 1368 odit,
1424 1290 1779 1354 sanitatem
1805 1299 2027 1353 autem
2052 1299 2120 1353 et
2147 1289 2415 1372 integri-

314 1405 520 1460 tatem
567 1396 755 1479 quasi
801 1396 1186 1479 religionem
1226 1404 1293 1460 et
1324 1394 1794 1460 verecundiam
1827 1394 2107 1457 oratoris
2153 1394 2406 1477 probat.

316 1500 506 1565 Haec
561 1500 857 1565 omnium
912 1500 1110 1564 debet
1165 1509 1504 1564 oratorum
1560 1499 1791 1562 eadem
1853 1518 2001 1562 esse
2057 1497 2411 1562 sententia.

316 1604 438 1669 Sin
483 1614 707 1669 autem
754 1604 1165 1668 ieiunitatem
1215 1614 1283 1668 et
1334 1603 1706 1668 siccitatem
1753 1611 1821 1666 et
1875 1602 2183 1685 inopiam,
2235 1603 2415 1666 dum-
2432 1619 2517 1675 285

314 1709 510 1773 modo
543 1708 632 1773 sit
663 1708 887 1791 polita,
922 1710 1080 1772 dum
1112 1708 1381 1785 urbana,
1418 1708 1575 1771 dum
1615 1706 1903 1790 eleganS,
1939 1706 2007 1770 in
2040 1706 2278 1771 Attico
2309 1727 2417 1790 ge-

314 1833 474 1878 nere
503 1812 710 1897 ponit,
738 1812 864 1877 hoc
897 1822 1077 1877 recte
1109 1813 1454 1876 dumtaxat
1478 1832 1494 1890 3
1542 1812 1660 1876 sed
1692 1810 1846 1894 quia
1877 1820 2035 1875 sunt
2067 1810 2135 1874 in
2161 1810 2415 1875 Atticis

314 1917 441 1981 alia
461 1917 623 1982 aliis
645 1917 935 1994 meliora,
962 1916 1186 1981 videat
1211 1937 1298 1981 ne
1322 1916 1587 1999 ignoret
1612 1925 1680 1980 et
1711 1916 1956 1998 gradus
1988 1924 2056 1978 et
2090 1914 2417 1978 dissimili·-

314 2021 583 2086 tudines
616 2031 684 2086 et
715 2021 850 2085 vim
884 2031 951 2085 et
982 2020 1370 2085 varietatem
1405 2020 1810 2084 Atticorum.
1905 2017 2290 2095 “Atticos,”
2327 2019 2394 2082 in

316 2126 477 2210 quit,
519 2125 724 2190 “volo
746 2122 1051 2190 imitari.’'
1145 2124 1379 2208 Quos?
1421 2144 1547 2188 nec
1579 2123 1757 2189 enim
1791 2132 1893 2186 est
1925 2105 2131 2186 unum
2162 2143 2416 2206 genus:

315 2251 468 2295 nam
488 2230 647 2314 quid
666 2239 770 2294 est
790 2238 926 2294 tam
952 2228 1274 2293 dissimile
1298 2248 1498 2313 quam
1521 2227 2017 2292 Demosthenes
2042 2236 2110 2291 et
2135 2226 2415 2313 Lysias?

315 2355 511 2418 quam
550 2334 766 2398 eidem
804 2344 871 2398 et
916 2332 1346 2418 Hyperides?
1401 2352 1597 2416 quam
1638 2332 1872 2396 horum
1915 2330 2211 2395 omnium
2249 2330 2419 2395 Aes-

315 2437 545 2504 chines
572 2438 596 2502 ?
672 2438 892 2522 Quem
925 2437 1131 2521 igitur
1159 2436 1485 2500 imitaris?
1573 2435 1646 2500 Si
1678 2435 1981 2519 aliquem,
2019 2434 2222 2499 ceteri
2255 2456 2415 2518 ergo

315 2541 549 2606 Attice
594 2562 729 2606 non
775 2542 1127 2619 dicebant3
1174 2541 1230 2605 si
1263 2541 1502 2617 omniS,
1537 2540 1649 2624 qui
1680 2550 1893 2623 poteS,
1931 2561 2080 2604 cum
2117 2539 2250 2603 sint
2285 2539 2413 2623 ipsi

314 2645 734 2710 dissimillimi
765 2645 943 2710 inter
973 2645 1092 2710 se?
1184 2646 1265 2708 In
1297 2666 1431 2728 quo
1464 2644 1626 2708 illud
1659 2644 1859 2708 etiam
1891 2664 2154 2728 quaer0,
2194 2644 2417 2708 Phale-

315 2771 465 2815 reus
508 2749 617 2813 ille
659 2750 1047 2814 Demetrius
1090 2748 1414 2814 Atticene
1455 2747 1713 2812 dixerit.
1809 2747 1977 2811 Mihi
2020 2747 2287 2831 quidem
2336 2768 2417 2811 ex

315 2854 489 2919 illius
531 2853 939 2919 orationibus
979 2823 1305 2918 redolere
1319 2853 1503 2936 ipsae
1541 2852 1854 2916 Athenae
1890 2852 2217 2918 videntur.
2313 2852 2414 2915 At

315 2969 416 3023 est
442 2958 751 3036 floridior,
775 2967 849 3022 ut
873 2958 970 3021 ita
993 2957 1226 3034 dicam,
1255 2977 1452 3041 quam
1480 2949 1877 3043 HyperideS,
1905 2976 2103 3040 quam
2140 2956 2415 3041 Lysias:

380 3178 492 3240 284.
538 3178 734 3243 putide
739 3177 1146 3242 ,pedantically,·
1176 3176 1239 3227 cf.
1254 3177 1316 3225 de
1418 3189 1538 3239 2933
1571 3176 1648 3225 ad
1655 3176 1801 3226 Fam
1821 3176 1942 3225 XII.
1961 3191 2009 3238 4.
2034 3188 2075 3235 1,
2089 3177 2277 3240 populo
2300 3192 2418 3224 vero

323 3244 409 3294 Or.
435 3245 640 3308 111.13.
665 3256 751 3309 513
795 3243 872 3292 ad
886 3246 987 3292 Att
1013 3244 1055 3292 1.
1085 3255 1160 3305 14.
1189 3255 1230 3292 1.
1418 3242 1778 3309 mhzlfortzus
1799 3242 1943 3290 nihil
1960 3243 2176 3290 melius.
2243 3242 2423 3291 mihil

380 3310 760 3370 insolentiam,
785 3309 1170 3359 unwarranted
1194 3325 1313 3365 use,·
1417 3316 1586 3357 autem
1619 3308 1825 3384 foedius
1870 3308 2105 3372 Philippo
2146 3314 2194 3356 et
2232 3308 2417 3356 Pisone

316 3376 381 3426 cf.
405 3376 463 3425 de
493 3378 582 3426 Or.
607 3376 707 3425 111.
737 3389 794 3440 13
837 3388 922 3441 530
966 3375 1138 3438 Quint.
1158 3375 1247 3424 IV.
1272 3388 1314 3425 1.
1413 3374 1602 3437 legatis,
1642 3373 1786 3421 nihil
1802 3373 2156 3438 flagitiosius,·
2192 3373 2344 3422 ΧΗῙ.
2373 3384 2416 3422 1.

317 3442 402 3509 583
447 3442 557 3506 283.
583 3459 632 3492 n.
699 3388 881 3491 No3tice
904 3442 990 3491 the
1017 3441 1316 3491 alliteration
1420 3453 1465 3506 5.
1559 3439 1852 3489 Dissimile
1899 3439 2073 3488 makes
2131 3438 2170 3488 it
2213 3439 2319 3488 also
2365 3439 2418 3487 in

316 3509 374 3558 of
390 3510 531 3559 these
557 3510 696 3559 three
721 3508 1066 3558 substantives.
1417 3506 1563 3556 effect
1596 3522 1626 3556 a
1659 3505 1820 3570 plural
1853 3505 2008 3564 word,
2046 3504 2132 3553 the
2167 3511 2417 3555 construc-

382 3575 492 3642 285.
529 3576 871 3626 siccitatem:
910 3581 999 3624 not
1021 3590 1076 3624 as
1104 3574 1191 3624 the
1215 3573 1313 3638 adj.
1418 3573 1525 3621 tion
1549 3571 1780 3635 differing
1805 3572 1931 3620 from
1958 3584 2068 3633 204.

314 3643 368 3692 in
391 3655 503 3692 202.
1483 3638 1880 3692 dissimillimi:
1930 3636 1993 3687 cf.
2016 3637 2077 3687 de
2105 3638 2194 3687 Or.
2230 3637 2302 3687 11.
2339 3649 2416 3700 23.

381 3709 689 3770 dumtaxat,
715 3724 766 3757 so
784 3709 891 3775 far
911 3724 969 3756 as
1003 3708 1048 3756 it
1067 3722 1216 3772 goes,·
1251 3706 1313 3756 cf.
1486 3744 1497 3755 .

316 3774 823 3838 Luer.II.123,and
847 3774 1048 3823 Munro’
1051 3789 1076 3823 s
1099 3781 1232 3822 note.
1483 3772 1759 3822 redolere:
1800 3772 1862 3820 cf.
1884 3786 1970 3819 use
1989 3768 2110 3819 with
2134 3784 2238 3819 acc.
2260 3769 2313 3818 in
2338 3767 2417 3819 82.

382 3841 550 3905 quidt
609 3840 687 3891 for
732 3841 831 3890 this
875 3847 1051 3890 neuter
1096 3841 1221 3889 used
1262 3838 1321 3888 of
1484 3838 1760 3887 floridior:
1791 3836 1962 3900 Quint.
1983 3834 2055 3885 11.
2081 3847 2124 3901 5.
2150 3833 2232 3894 183
2269 3834 2417 3884 VIII.

313 3922 537 3974 persons,
577 3906 642 3957 cf.
694 3907 848 3968 nihil,
893 3918 1002 3970 143,
1050 3918 1156 3969 144,
1203 3918 1314 3968 204,
1419 3915 1465 3968 3.
1510 3916 1595 3969 743
1655 3902 1777 3953 XII.
1828 3915 1901 3953 10.
1951 3900 2031 3969 58.
2126 3900 2420 3965 Bernhardy
